3340 5218
333 321 422 393 Caput
440 322 485 376 IV.
515 323 556 377 'De
574 323 786 394 participiorum
804 342 856 378 usu
874 323 1074 393 praedicativo.
1274 324 1315 387 73

590 685 729 778 Caput
755 685 819 758 IV.

360 827 404 901 [lc
432 830 690 920 participiorum
718 851 781 901 usu
809 831 1051 921 praedicativo.
1124 871 1130 882 ·

655 1023 674 1101 a
701 1020 749 1085 15.

260 1156 309 1210 De
331 1153 515 1224 participiis
537 1154 796 1210 enuntiatorum
818 1154 891 1210 vice
915 1154 1147 1223 fungentibus.
1214 1127 1220 1138 ⁸

98 1305 136 1369 A.
170 1306 214 1368 Dc
233 1304 406 1404 participio
425 1303 530 1369 futuri
548 1304 651 1370 activi
672 1304 740 1370 loco
760 1305 922 1371 enuntiati
936 1304 1121 1370 secundarii
1140 1306 1305 1388 usurpato.

181 1447 268 1512 Usus
291 1447 454 1532 participii
476 1448 577 1513 futuri
601 1449 697 1513 actiui
721 1449 824 1532 qualis
849 1452 982 1532 apparet
1010 1449 1095 1532 apud
1115 1447 1317 1534 Sallustium,

88 1555 266 1639 Velleium,
297 1554 445 1619 Tacitum
468 1556 584 1619 mirum
609 1556 643 1618 in
666 1555 797 1620 modum
820 1555 968 1638 fluctuat,
992 1556 1019 1618 si
1043 1577 1115 1619 eum
1140 1555 1315 1619 contuleris

91 1683 164 1723 eum
193 1661 330 1725 aliorum
358 1662 553 1745 scriptorum
581 1661 707 1726 dicendi
737 1660 976 1726 consuetudine.
1019 1666 1116 1746 atquc
1141 1662 1314 1727 secundum

89 1768 315 1852 pervulgatam
343 1767 398 1832 sed
430 1768 547 1832 falsam
582 1769 774 1833 sententiam
803 1767 974 1852 participio
1002 1767 1061 1832 fut.
1085 1770 1188 1833 acta
1221 1767 1313 1833 Liuio

91 1875 195 1956 primo
223 1874 332 1938 finalis
361 1873 556 1958 significatio
585 1874 779 1954 vindicatur,
808 1897 889 1959 quae
920 1875 1029 1958 opinio
1061 1898 1100 1939 ex
1131 1875 1315 1960 grammati-

90 1977 235 2064 corum¹)
259 1979 376 2044 iudicio
400 1981 446 2044 ita
470 1981 662 2065 corrigenda
685 1982 748 2064 cst,
776 1984 812 2044 ut
841 1983 1002 2046 statuatur
1024 1981 1231 2065 participium
1255 1981 1313 2044 fur.

91 2090 151 2150 act.
185 2086 270 2170 apud
304 2084 492 2150 Ciceronem
530 2088 690 2152 enuntiati
722 2088 901 2152 secundarii
933 2092 1042 2173 partes
1080 2088 1212 2153 omnino
1248 2110 1315 2152 non

91 2196 279 2279 suscepisse.
333 2195 413 2260 haec
455 2217 506 2260 res
554 2195 595 2259 ad
638 2197 739 2258 artem
788 2195 1034 2278 grammaticam
1080 2195 1200 2258 rectius
1242 2215 1314 2278 per-

91 2301 287 2385 spiciendam
323 2300 410 2366 haud
447 2323 524 2366 sane
557 2300 679 2365 nullius
716 2301 873 2365 momenti
906 2300 990 2385 quod
1023 2323 1042 2364 a
1071 2301 1213 2384 Bergero
1244 2298 1316 2364 Stil.

91 2410 159 2474 Lat.
183 2409 331 2494 neglecta
360 2408 415 2492 sit,
444 2403 620 2492 Draegeff)
651 2407 719 2470 iure
742 2406 952 2491 vituperavit,
980 2406 1036 2472 sed
1063 2407 1097 2469 in
1127 2428 1184 2470 suo
1213 2407 1314 2490 ipsius

89 2516 199 2579 libello
223 2515 347 2578 utinam
366 2515 481 2579 melius
500 2517 532 2578 et
552 2513 730 2602 accuratius
749 2513 811 2577 hoc
828 2513 949 2578 idioma
966 2515 1151 2584 tractasset!
1188 2516 1315 2577 tantam

90 2623 175 2685 enirn
204 2621 394 2685 varietatem
421 2620 551 2698 Tacitus
579 2620 614 2685 in
646 2619 818 2704 participio
847 2621 906 2685 fut.
936 2624 995 2686 act.
1024 2620 1209 2704 usurpando
1238 2641 1315 2704 prae

91 2752 124 2793 sc
152 2729 229 2810 fert,
256 2731 293 2792 ut
320 2731 407 2791 ususx
429 2749 560 2811 prorsus
589 2748 656 2791 non
687 2726 835 2791 delinitus
858 2727 909 2811 sit,
934 2748 1005 2792 cum
1036 2727 1118 2790 nihil
1148 2727 1233 2791 aliud
1265 2749 1314 2792 ex·

90 2839 244 2918 ponatur,
267 2855 362 2917 quarn
387 2837 423 2897 ut
446 2833 531 2917 apud
555 2833 703 2898 Taciturn
727 2833 808 2898 illud
831 2833 1038 2916 participium
1062 2834 1130 2896 uice
1154 2834 1314 2897 enuntiati

91 2941 270 3006 secundarii
299 2939 393 3024 iringi
416 2939 550 3004 dicatur.
587 2941 808 3023 quaestionem
837 2943 944 3004 autem
968 2961 1025 3004 cur
1053 2938 1137 3024 apud
1161 2940 1314 3005 classicos

91 3049 263 3130 scriptores
292 3068 367 3110 usus
399 3045 563 3130 participii
591 3046 650 3110 fut.
679 3051 739 3110 act.
768 3045 887 3110 finibus
917 3049 986 3111 tarn
1014 3045 1208 3111 circumcisis
1240 3068 1313 3111 con-

91 3155 231 3217 tineatur
253 3155 281 3217 is
304 3152 398 3216 facile
423 3152 595 3217 diiudicare
619 3153 752 3235 poterit,
776 3153 830 3237 qui
853 3175 920 3218 non
938 3153 1069 3238 ignoret
1088 3174 1202 3217 aureae
1227 3155 1313 3216 aeta-

91 3261 133 3323 tis
157 3261 331 3342 scriptores
360 3260 517 3324 sermonis
546 3259 716 3324 distinctae
744 3260 909 3344 brevitati,
932 3260 983 3325 cui
1007 3260 1192 3325 efficiendae
1215 3260 1324 3344 partia

92 3367 175 3448 cipia
197 3366 351 3430 inservire
374 3370 510 3447 constat,
534 3368 666 3431 omnino
690 3367 796 3431 minus
816 3390 911 3451 quarn
937 3370 1109 3452 argenteae
1128 3366 1314 3452 indulsisse3

92 3477 231 3538 ceterum
255 3477 328 3537 utut
351 3477 416 3555 est,
442 3472 587 3558 Draeger
609 3495 719 3537 ueram
748 3496 877 3538 causam
906 3475 1066 3538 inuenisse
1094 3495 1160 3537 non
1188 3473 1314 3537 uidetur

93 3582 228 3664 opinans
259 3577 442 3644 liberiorem
472 3580 564 3643 illurn
594 3601 688 3643 usum
718 3602 737 3643 a
768 3577 920 3644 Cicerone
950 3583 1083 3664 propter
1110 3579 1315 3662 multifarias,

93 3711 171 3772 quas
199 3686 405 3770 participium
434 3686 491 3750 fut.
521 3690 581 3752 act.
610 3687 771 3768 suscipere
799 3686 915 3770 possit,
949 3687 1108 3752 enuntiati
1136 3686 1315 3751 secundarii

93 3798 197 3879 partes
220 3791 423 3875 repudiatum
443 3815 520 3856 esse.
549 3793 712 3856 existimat
731 3792 831 3876 igitur
850 3790 1037 3858 Ciceronem
1060 3814 1189 3858 omnem
1214 3795 1313 3860 ambi-

94 3902 247 3986 guitatem
265 3900 368 3964 uitare
382 3900 533 3984 uoluisse,
552 3899 608 3964 sed
623 3899 687 3964 dici
705 3899 826 3983 nequit,
846 3922 941 3984 quam
962 3900 995 3964 id
1014 3901 1133 3964 falsum
1153 3901 1205 3965 sit.
1237 3924 1313 3966 nam

94 4031 130 4072 ex
150 4010 273 4074 attenta
296 4007 548 4090 perlustratione
569 4007 712 4071 omnium
732 4029 905 4091 eorumque
926 4007 1212 4073 audacissimorum
1232 4031 1314 4093 quae

93 4115 176 4178 infra
195 4114 517 4178 commemorabimus
537 4115 756 4197 exemplorum
780 4113 901 4197 liquido
927 4115 1097 4198 apparebit
1119 4117 1311 4180 varietatem

93 4220 186 4285 illam'
212 4220 461 4305 significationis
493 4243 559 4285 non
592 4224 660 4285 tam
694 4221 728 4284 in
759 4221 931 4305 participio
964 4221 1104 4305 positam
1136 4243 1204 4286 esse
1232 4221 1314 4306 ipso,

85 4323 189 4412 ¹quam
216 4327 317 4393 totius
346 4327 503 4392 enuntiati
531 4327 650 4392 rationi
679 4327 844 4391 inhaerere
869 4331 901 4392 et
929 4351 967 4392 ex
990 4350 1028 4392 ea
1050 4328 1083 4391 in
1096 4371 1100 4380 -
1107 4328 1313 4412 participium

164 4572 436 4642 1)Kuehnast‚Liu.
457 4575 529 4643 synt.
548 4574 574 4628 H
593 4593 619 4644 p.
638 4579 699 4628 267.

163 4665 189 4733 2)
208 4661 340 4718 Zeitsehr.
359 4663 406 4718 fiir
424 4662 595 4734 Gymnasial.
615 4668 692 4732 1866,
710 4681 737 4734 p.
759 4668 818 4720 196.
