3340 5218
807 325 899 394 Caput
916 323 962 377 IV.

843 541 863 619 ξ
890 541 939 604 17.

795 674 844 728 De
867 673 994 730 dativo.

371 804 491 890 Agitur
514 805 552 868 de
576 827 642 867 una
665 805 890 870 tantummodo
911 810 1085 890 structura,
1109 807 1200 871 ouius
1224 806 1287 872 vim
1312 809 1345 870 et
1367 809 1515 890 potcsta-

283 915 349 976 tem
374 934 486 976 omues
513 911 717 996 grammatici
744 913 884 996 perbene
907 913 1151 997 intellexerunt,
1178 935 1373 998 quamquam
1402 933 1514 998 gram·

283 1019 401 1083 metica
424 1019 511 1110 ratio
536 1017 590 1082 diu
612 1039 745 1101 prorsus
768 1018 802 1081 in
823 1019 976 1104 ambiguo
1000 1019 1070 1084 fuit.
1093 1042 1147 1084 ex
1169 1042 1270 1104 parvo
1290 1020 1515 1103 exemplorum

282 1147 415 1190 numero
439 1125 531 1207 illud,
556 1124 641 1209 quod
664 1123 738 1188 Tac.
765 1125 843 1209 Agr.
865 1127 904 1190 18
929 1129 1047 1210 exstat,
1074 1127 1108 1190 in
1131 1127 1272 1190 medium
1294 1127 1515 1211 proferamus:

283 1233 393 1316 quibem
416 1233 526 1296 beilum
545 1231 713 1296 colentibus
734 1236 809 1296 croi.
848 1232 992 1298 diversae
1017 1237 1092 1298 sunt
1109 1234 1252 1300 virorum
1272 1235 1438 1299 doctorum
1459 1257 1515 1297 ex-

283 1341 487 1424 plicationes,
519 1338 637 1422 quippe
665 1359 801 1420 quorum
825 1339 885 1402 ‘alii
918 1341 1113 1404 structuram
1145 1344 1290 1405 nostram
1324 1341 1404 1405 mire
1437 1363 1514 1405 oum

283 1447 426 1511 ablativo
452 1445 600 1510 absoluto
626 1448 826 1530 comparent,
855 1445 911 1508 alii
934 1467 973 1509 ex
998 1467 1059 1510 usu
1087 1447 1188 1511 dativi
1212 1447 1267 1531 qui
1286 1447 1402 1512 dicitur
1425 1470 1514 1513 com-

189 1549 193 1560 ’
283 1553 371 1618 modi
403 1551 703 1636 interpretationem
735 1555 896 1637 repetant,
933 1551 989 1616 alii
1023 1553 1063 1616 ad
1097 1554 1324 1618 attractionem
1357 1554 1513 1620 referant.

283 1665 358 1726 sunt
386 1661 495 1745 etiam,
526 1657 580 1742 qui
609 1681 647 1723 ex
676 1657 783 1740 ellipsi
813 1656 1092 1744 subintellegenda
1119 1682 1229 1724 veram
1258 1659 1514 1743 explicationem

284 1769 355 1834 duci
380 1788 474 1850 posse
497 1787 555 1849 pro
580 1768 667 1829 certo
690 1766 846 1849 habeant,
874 1787 937 1851 qua
960 1766 1112 1850 opinione
1135 1768 1226 1830 nulla
1250 1767 1315 1832 alia
1338 1767 1444 1852 magis
1467 1769 1513 1832 ab

285 1876 411 1962 legibus
437 1873 517 1938 artis
541 1873 771 1956 grammaticae
792 1873 953 1938 abhorret.
990 1895 1072 1957 quae
1095 1874 1181 1938 enim
1200 1877 1251 1938 est
1273 1874 1513 1958 interpretatio,

284 2005 348 2067 qua
375 1979 547 2046 locutionis
576 1977 710 2042 alicuius
738 1981 855 2042 natura
882 2001 949 2043 non
977 2001 1015 2044 ex
1050 1980 1122 2063 ipsa
1145 1981 1357 2065 grammatica
1384 1981 1514 2046 ratione

219 2155 226 2163 ,
284 2089 473 2165 deducatur,
506 2085 561 2149 sed
592 2084 746 2169 tauquam
776 2085 994 2150 additamento
1023 2086 1218 2150 extrinsecus
1247 2087 1346 2151 allato
1376 2088 1515 2152 difficul-

283 2200 368 2262 tates
391 2195 535 2258 vitentur
557 2193 665 2276 potius
690 2215 788 2277 quam
810 2193 1044 2277 expediantur?
1106 2217 1108 2222 ¹

373 2300 443 2366 Nos
468 2301 508 2364 ab
532 2300 624 2364 initio
649 2299 902 2364 existimavimus
927 2300 1007 2364 illud
1035 2301 1169 2384 idioma,
1197 2324 1392 2387 quamquam
1416 2301 1515 2366 artis-

285 2411 367 2475 sima
390 2410 458 2473 eius
483 2429 555 2471 oum
577 2406 701 2471 Graeca
723 2407 884 2471 locutione
907 2405 1102 2496 βουλομένῳ
1125 2410 1196 2473 τινί
1217 2407 1289 2473 ἐστί
1308 2433 1340 2474 τι
1368 2431 1516 2473 commu-

284 2518 338 2580 nio
373 2519 435 2598 est,
471 2518 582 2577 tamen
623 2536 696 2578 vere
729 2512 881 2578 Latinum
918 2511 1049 2599 'eiusque
1082 2515 1329 2598 explicationem
1364 2537 1402 2579 ex
1438 2515 1516 2578 aliis

286 2624 452 2708 analogice
485 2620 578 2685 dictis
608 2621 819 2703 repetendam
851 2643 931 2685 csse.
981 2645 1056 2686 mox
1094 2626 1201 2686 autem
1233 2623 1282 2687 ita
1314 2624 1515 2687 sententiam

286 2729 495 2809 mutavimus,
532 2732 568 2791 ut
599 2730 751 2810 putemus
792 2731 825 2791 et
863 2727 1058 2791 locutionem
1090 2727 1242 2792 Latinam
1279 2733 1312 2792 et
1345 2728 1515 2813 Graecam,

278 2836 439 2923 vquoniam
473 2857 572 2899 nexus
606 2835 837 2919 grammaticus
870 2855 1000 2916 prorsus
1032 2835 1116 2898 idem
1153 2835 1208 2917 sit,
1241 2835 1342 2898 etiam
1375 2859 1413 2900 ex
1445 2859 1516 2900 uua

288 2945 461 3027 eademque
495 2941 661 3025 cogitandi
692 2941 817 3005 ratione
850 2963 919 3005 esse
953 2944 1057 3006 ortam
1090 2943 1198 3025 itaque
1229 2964 1310 3025 quae
1339 2943 1514 3026 explicatio

286 3051 421 3136 quadret
453 3048 492 3112 ad
522 3047 690 3130 Graecam,
719 3048 854 3111 eandem
881 3049 1041 3131 pertinere
1066 3049 1109 3112 ad
1143 3047 1304 3116 Latinam.
1350 3073 1386 3114 ac
1414 3051 1514 3116 cardo

286 3157 423 3223 vertitur
446 3155 479 3218 in
503 3177 555 3238 co,
582 3154 668 3238 quod
691 3153 824 3217 verbum
848 3175 931 3217 esse
959 3175 1026 3217 non
1054 3155 1188 3238 copulae
1218 3155 1283 3218 vim
1313 3155 1426 3238 habet,
1456 3157 1514 3220 sed

288 3262 408 3347 aliquid
433 3265 558 3326 exstare
581 3261 631 3325 vel
660 3263 765 3326 locum
788 3261 908 3324 habere
932 3261 1067 3324 indicat:
1094 3261 1158 3324 iam
1184 3261 1211 3325 si
1240 3260 1362 3326 accedit
1384 3263 1513 3329 dativus

289 3391 444 3455 personae
468 3368 523 3453 qui
548 3371 681 3432 vocatur
699 3390 771 3433 cum
800 3367 971 3451 participio
994 3368 1085 3431 verbi
1109 3368 1286 3434 voluntatis
1313 3370 1515 3454 coniunctus,

288 3479 426 3561 scriptor
449 3475 613 3560 significat
640 3497 707 3539 rem
732 3477 834 3538 menti
854 3475 922 3538 eius
947 3474 1127 3558 obversari,
1150 3476 1203 3555 qui
1222 3498 1293 3540 eam
1313 3477 1399 3540 velit.
1432 3478 1514 3544 haec

288 3589 338 3650 cst
355 3589 473 3648 natura
490 3581 663 3646 locutionis
681 3581 775 3646 mihi
794 3581 942 3664 aliquid
962 3581 1112 3646 volenti
1131 3585 1190 3645 est
1210 3580 1262 3667 (es
1282 3583 1439 3647 existirt
1458 3591 1513 3648 et·

288 3713 364 3754 was
388 3691 449 3754 fiir
472 3688 584 3771 mich,
607 3688 732 3752 indem
754 3688 816 3752 ich
841 3709 878 3751 es
904 3683 1008 3772 will).
1047 3687 1087 3751 ad
1110 3687 1195 3752 idem
1214 3689 1298 3752 redit
1317 3688 1513 3754 Graecorum

287 3797 365 3860 illud
385 3795 461 3878 ἐμοί
483 3817 514 3858 τι
533 3793 727 3880 βουλομένῳ
747 3792 819 3858 ἐστί
840 3791 893 3876 (cf.
912 3793 1004 3858 Kritz
1024 3794 1063 3856 ad
1083 3791 1159 3858 Sall.
1178 3793 1248 3879 lug.
1268 3795 1325 3879 84,
1344 3794 1378 3880 3)
1410 3818 1514 3880 neque

288 3903 425 3970 historia
438 3904 568 3966 nostrae
584 3904 764 3965 structurae
779 3899 918 3964 difficilis
932 3904 982 3964 est
997 3900 1037 3964 ad
1052 3901 1316 3984 persequendum.
1344 3923 1415 3967 cum
1427 3904 1514 3968 enim

288 4009 441 4073 classicae
464 4031 517 4092 qu.
536 4031 564 4071 v.
593 4007 708 4072 aetatis
733 4007 906 4090 scriptores
933 4028 1126 4090 enprorsus
1151 4007 1380 4091 abstinuerint,
1404 4008 1514 4074 Livius

288 4138 352 4180 uno
371 4117 441 4180 loco
461 4137 531 4179 eam
550 4114 681 4180 admisit
699 4112 788 4197 XXI,
802 4112 854 4196 50,
876 4113 916 4176 10
931 4113 1050 4194 pronde
1062 4113 1236 4193 periculum
1253 4115 1424 4180 ruomiimis
1439 4117 1514 4180 civi·

288 4223 402 4288 urum
424 4243 485 4287 esse
508 4227 537 4288 et
555 4222 738 4304 quibusdum
760 4221 927 4285 colentibus
949 4240 1045 4284 novos
1067 4239 1116 4284 res
1135 4219 1215 4304 fore,
1240 4217 1413 4284 Sallustius
1437 4219 1515 4284 duo·

288 4331 362 4396 bus:
385 4329 456 4414 Iug.
479 4330 535 4412 84,
559 4330 580 4394 3
602 4331 678 4411 quio
699 4349 795 4410 aeque
812 4327 895 4410 picti
917 4327 1033 4390 militia
1055 4327 1166 4390 vocari
1183 4327 1364 4408 pertubatur.
1406 4327 1515 4404 100,4

288 4438 412 4520 ciuilius
429 4438 494 4519 ipse
506 4437 666 4502 circumire
683 4456 746 4500 nou
765 4440 829 4500 tom
842 4434 1018 4514 diffidentia
1033 4433 1186 4513 futurum,
1204 4453 1283 4514 ptrue
1299 4433 1516 4516 damnavisset,

288 4566 382 4626 quom
400 4545 447 4608 uti
469 4544 620 4608 militibus
642 4547 828 4623 cameriatus
845 4561 915 4604 urm
932 4539 1116 4620 imperatore
1138 4539 1225 4604 labor
1247 4540 1415 4606 colentibus
1431 4545 1516 4606 esset
1579 4571 1584 4580 ·

290 4652 374 4735 apud
389 4651 536 4715 Tacitum
553 4653 659 4714 autem
674 4650 770 4713 istam
786 4646 981 4712 locutionem
997 4646 1086 4709 omni
1101 4645 1241 4710 caruisse
1255 4646 1429 4710 insolentia
1442 4647 1516 4710 inde
