3330 5228
275 330 335 400 60Ι
366 325 368 329 ’
809 329 900 398 eaput
918 328 966 382 nr.

274 515 349 580 reae.
391 492 483 574 XVI,
507 495 526 558 3
549 495 684 576 papulus
712 493 879 576 apresiium
902 493 1058 575 espicimdo
1086 494 1170 574 operi
1193 497 1379 574 assumptus.
1426 491 1502 554 hist

274 599 336 683 Ill,
356 599 399 664 54
425 621 479 665 nee
500 601 589 666 duces
614 599 747 664 hostium
770 601 926 683 aupmdae
947 600 1038 680 fama
1060 600 1194 664 deerant.
1240 597 1302 681 III,
1327 599 1368 663 m
1392 600 1503 680 perdo·

274 708 407 771 mandae
439 705 631 790 Campaniae
661 707 809 772 insistere.
855 706 895 770 ab
928 705 1108 770 minoribus
1142 704 1270 790 seriptis
1302 704 1365 769 hoc
1399 725 1503 789 genus

276 813 417 878 alienum
441 817 499 879 est.

364 919 469 984 Vellei
493 920 555 986 duo
579 923 709 985 exstent
732 921 890 1004 exempla:
915 919 963 1004 II,
988 921 1028 984 79
1057 919 1258 1000 aedificandis
1280 918 1411 984 nauibus
1433 939 1504 982 eon-

276 1027 478 1109 trahendoaue
500 1029 595 1092 militi
621 1047 658 1091 ae
679 1029 790 1110 ranipi
815 1027 1036 1108 naualibusque
1063 1026 1257 1090 assuescendo
1285 1023 1505 1089 certaminilme

275 1140 365 1216 aiam
382 1135 702 1214 eaereiiaiimibmaue
718 1135 892 1215 praefectae
915 1137 959 1197 esi
980 1132 1132 1215 Aprrppa.
1164 1130 1210 1215 II,
1229 1131 1270 1195 31
1295 1131 1420 1196 mroiees
1438 1133 1505 1194 iam

273 1242 396 1321 fortiter
418 1242 595 1306 sustinendo
618 1246 772 1306 terrarum
795 1241 876 1305 oriris
898 1241 1026 1322 imperio
1049 1240 1217 1323 sufficiant.

366 1345 538 1412 Sallustius
557 1348 619 1413 hoo
634 1369 751 1432 genere
771 1367 902 1430 prorsus
918 1346 1083 1410 abstinuit.
1117 1347 1275 1429 quatenus
1291 1343 1347 1407 alii
1367 1343 1504 1426 scripto·

277 1476 328 1518 res
342 1453 418 1518 huic
431 1454 503 1518 usui
517 1453 710 1519 indulserint
720 1452 865 1537 'Ieipelio
880 1451 1090 1536 praecedente
1106 1472 1274 1535 exponam.
1304 1453 1401 1534 atque
1417 1448 1505 1532 apud

277 1559 465 1625 Ciceronem
488 1562 600 1626 verba:
630 1582 826 1646 praeesse,
850 1581 1007 1644 operam
1031 1559 1133 1641 dare,
1157 1556 1311 1641 addere,
1336 1555 1507 1638 studere,

277 1668 508 1752 praeficere,
552 1667 754 1751 impertire
797 1687 1029 1748 nonnunquam
1068 1687 1139 1729 curn
1183 1662 1292 1728 dativo
1336 1661 1506 1746 gerundivi

277 1775 533 1858 coniunguntur,
570 1774 654 1859 quod
692 1773 796 1856 magis
835 1772 981 1836 minusve
1019 1771 1115 1836 etiam
1149 1769 1233 1854 apud
1268 1767 1441 1834 Gaesarem
1474 1770 1508 1831 et

277 1880 403 1950 Livium
426 1873 591 1945 observari
613 1881 696 1944 lieet.
737 1881 772 1944 in
800 1879 985 1944 universum
1010 1881 1116 1943 autem
1147 1877 1353 1942 statuendum
1377 1875 1507 1962 videtur

277 1988 363 2052 hunc
396 2010 489 2052 usum
522 1987 607 2071 apud
638 1987 763 2070 priores
796 1987 969 2070 scriptores
1001 1984 1243 2070 angustissimis
1276 1983 1396 2048 finibus
1430 2005 1508 2048 eon-

278 2094 434 2178 scriptum
459 2116 537 2159 esse.

478 2271 512 2337 Β.
540 2271 644 2336 Minus
668 2272 754 2346 arta,
779 2269 835 2336 sed
856 2269 973 2336 laxior
987 2287 1055 2335 esse
1077 2269 1184 2354 potest
1206 2269 1292 2334 ratio

231 2476 235 2485 .
279 2437 361 2500 quae
384 2415 467 2480 inter
490 2415 632 2480 dativum
656 2415 826 2500 gerundivi
849 2417 882 2478 et
911 2414 1043 2479 verbum
1057 2459 1058 2464 1
1071 2413 1199 2477 finitum
1222 2411 1402 2476 intercedit.
1443 2409 1508 2474 hoc

278 2523 418 2606 pertinet
440 2523 480 2586 ad
504 2543 542 2586 ea
565 2523 677 2606 verba,
705 2543 840 2607 quorum
864 2543 936 2590 eum
965 2521 1073 2585 dativo
1102 2522 1264 2584 structura
1287 2539 1355 2582 non
1379 2516 1450 2581 sola
1473 2520 1508 2581 et

279 2629 371 2693 unice
394 2620 514 2693 usitata
537 2632 594 2694 est.
635 2628 731 2693 huius
755 2628 874 2713 speciei
903 2649 984 2713 quae
1007 2627 1079 2692 ideo
1103 2626 1236 2690 maximi
1266 2625 1421 2688 momenti
1445 2625 1507 2708 est,

280 2736 364 2819 quod
387 2735 516 2800 facilem
544 2735 718 2800 transitum
741 2735 874 2819 praebet
902 2735 942 2798 ab
970 2755 1031 2798 usu
1059 2732 1320 2818 frequentissimo
1345 2730 1386 2794 ad
1409 2753 1507 2794 usum

278 2842 479 2907 rarissimum
506 2841 585 2906 satis
609 2843 712 2907 multa
741 2842 824 2927 apud
849 2841 1009 2925 Tacitum,
1032 2840 1121 2904 nulla
1144 2838 1229 2923 apud
1254 2836 1443 2904 Sallustium
1472 2841 1507 2902 et

279 2948 442 3014 Velleium
466 2951 613 3034 exempla
635 2949 851 3014 inveniuntur.

369 3055 474 3121 Sicut:
504 3056 578 3122 Tac.
599 3078 672 3121 ann.
691 3055 776 3141 11,4
805 3061 869 3120 tum
889 3053 991 3120 Gaius
1014 3052 1130 3118 Caesar
1152 3053 1374 3134 componendae
1395 3051 1508 3115 Arme-

279 3165 351 3228 niae
373 3164 524 3247 delipiiur.
560 3164 606 3247 II,
629 3164 673 3228 46
696 3184 765 3228 nnn
787 3185 808 3227 a
831 3160 993 3228 Cheruscis
1010 3160 1279 3243 Lmrpotardieque
1294 3180 1355 3240 pro
1379 3160 1508 3240 animno

280 3272 382 3335 decore
406 3321 412 3334 .
432 3321 439 3335 .
459 3320 465 3334 .
486 3321 492 3334 .
515 3276 544 3336 ei
565 3275 672 3335 eontra
694 3271 850 3353 aupendae
872 3270 1077 3334 dominationi
1100 3271 1274 3332 certaretur.
1314 3265 1355 3347 V,
1378 3267 1399 3328 4
1427 3285 1507 3330 eam-

273 3379 426 3462 ponendie
455 3383 586 3461 patrum
623 3378 699 3442 ariis
734 3377 870 3442 demaine.
922 3374 984 3459 VI,
1008 3375 1051 3438 32
1087 3375 1302 3456 reciperandae
1337 3371 1510 3436 Armeniae

280 3485 434 3550 Hiberum
461 3483 678 3549 Mithridatem
708 3483 820 3564 delipii.
866 3480 927 3565 VI,
950 3481 994 3544 45
1027 3481 1217 3546 aestimando
1245 3479 1388 3560 miraeque
1414 3477 1508 3542 deiri-

280 3597 379 3656 menia
406 3591 509 3656 deiecti
541 3587 653 3674 (sunt).
704 3587 780 3672 XII,
807 3589 846 3653 19
881 3589 990 3653 iaudat
1020 3589 1101 3669 quad
1124 3638 1130 3650 .
1151 3636 1158 3650 .
1178 3637 1211 3651 ..
1243 3605 1333 3650 suam
1364 3585 1509 3650 deutrum

274 3701 423 3783 petendae
445 3699 564 3770 ueniae·
577 3696 723 3778 detepuit
769 3694 864 3779 XIII,
887 3695 929 3758 21
963 3713 1032 3758 enm
1060 3698 1157 3757 cetera
1184 3691 1345 3773 apiscendo
1378 3691 1508 3771 imperio

275 3809 550 3888 praepararentur.
596 3800 690 3884 XIH,
713 3801 755 3866 48
789 3799 821 3866 O.
852 3799 980 3866 Caesium
1012 3799 1179 3864 adimendo
1211 3798 1341 3862 remedie
1370 3796 1508 3861 rieleeius.

281 3911 369 3996 XIV,
387 3911 409 3974 4
427 3911 603 3976 occultando
619 3909 755 3990 facinori
772 3929 834 3973 rma
853 3907 1052 3973 adiidmeiur.
1084 3903 1192 3989 XV,4
1210 3927 1247 3970 ea
1264 3907 1338 3969 dum
1356 3926 1378 3968 a
1396 3901 1508 3968 Carbu-

282 4021 349 4084 ran
367 4019 495 4082 nenne
508 4015 621 4082 Suriae
633 4020 802 4097 parantur.
834 4013 905 4098 XV,
920 4015 940 4078 6
954 4014 1120 4096 proprium
1134 4014 1239 4077 ducem
1258 4013 1386 4076 tuendae
1399 4009 1509 4073 Arme-

282 4127 354 4190 niae
365 4128 552 4206 peposeerai.
589 4120 660 4202 XV,
682 4122 722 4186 16
740 4143 818 4203 arrae
835 4126 871 4186 ut
888 4122 1044 4203 anpendae
1062 4119 1215 4198 infamiae
1232 4118 1407 4199 composita.
1435 4114 1509 4198 XV,

282 4232 325 4296 43
348 4231 454 4295 ruderi
481 4231 653 4312 accipiendo
674 4229 823 4294 Ostiereses
841 4229 973 4310 paludes
990 4225 1170 4290 destinabat.
1206 4222 1399 4306 11111111
1423 4223 1509 4286 blan

283 4339 421 4403 dietatnr
443 4337 553 4417 coeptis
577 4337 706 4426 fortuna
728 4355 869 4418 possessa
891 4355 949 4416 per
971 4353 1057 4396 mare
1085 4337 1113 4395 et
1134 4351 1228 4396 naves
1254 4330 1371 4394 maiore
1393 4329 1509 4392 ltaliae

277 4449 369 4526 paria
381 4445 506 4526 penitus
523 4463 618 4524 resque
635 4444 678 4506 ad
694 4443 821 4506 initium
834 4440 1067 4504 maritimamm
1083 4438 1215 4520 Alprium
1232 4437 1343 4518 qums
1361 4439 1509 4516 arripiun-

283 4553 332 4616 dis
349 4551 623 4633 apprediendaeque
639 4548 818 4629 pnoeirmiae
837 4545 1034 4610 Narbonensi
1051 4544 1200 4610 Suedium
1219 4541 1400 4610 Clementem
1420 4590 1427 4603 .
1447 4589 1455 4604 .
1474 4589 1481 4603 .
1502 4590 1509 4604 .

283 4658 372 4727 duces
389 4657 512 4726 dederat
529 4653 587 4742 (=
606 4650 794 4740 delegerat).
838 4651 885 4738 Η,
903 4651 946 4718 82
963 4655 1217 4736 praeceptumque
1238 4654 1275 4715 111
1289 4648 1509 4732 praetorianos
