3330 5228
214 321 216 324 Ι
254 354 276 416 4
804 354 896 424 Caput
913 354 934 410 I.

344 515 493 580 Ceterum
517 538 580 600 quo
608 520 703 600 pacto
732 517 854 582 factum
885 518 940 600 sit,
967 519 1005 580 ut
1034 516 1224 599 gerundium
1252 518 1374 600 primae
1403 539 1485 600 quae

254 627 387 688 vocatur
418 624 657 709 coniugationis
691 629 786 688 exeat
815 625 850 687 in
881 625 996 706 codro,
1034 625 1165 688 alterius
1196 625 1231 687 in
1259 626 1367 708 endis,
1402 626 1485 689 aliae

254 729 378 794 formae
402 730 551 794 desinant
578 731 613 793 in
640 731 756 794 triados
785 727 982 816 (mundus),
1004 751 1170 814 exponere
1202 731 1297 795 huius
1325 733 1388 796 loci
1417 753 1484 796 non

256 840 315 902 est.
353 836 473 900 sufficit
495 837 651 921 probasse
671 837 863 920 gerundium
888 858 958 900 esse
981 837 1202 920 participium,
1230 839 1282 901 cui
1305 829 1485 902 sententiae

255 944 288 1009 id
317 945 447 1008 obstare
475 943 558 1027 quod
582 965 648 1006 non
679 943 791 1007 eadem
818 942 1054 1027 significatione
1078 943 1225 1028 praedita
1248 945 1322 1008 sint·
1342 967 1419 1010 cave
1443 967 1484 1008 ne

255 1052 435 1134 existimes,
466 1073 542 1114 nam
572 1049 671 1113 etiam
699 1048 891 1133 gerundium
924 1050 1032 1133 ipsum
1062 1054 1095 1113 et
1124 1050 1338 1132 gerundivum
1361 1053 1482 1115 variam

248 1159 378 1236 ¹habent
400 1159 567 1221 notionem
586 1159 619 1220 et
642 1160 752 1221 tamen
775 1178 840 1219 una
858 1160 994 1220 utuntur
1016 1157 1221 1222 formatione.
1253 1158 1387 1222 nomina
1410 1159 1482 1242 ipsa

207 1310 211 1317 -
255 1264 497 1349 gerundium,
521 1263 790 1347 gerundivum,
813 1264 889 1346 quia
906 1285 967 1326 usu
985 1267 1140 1347 tanquam
1159 1265 1284 1328 sancita
1302 1268 1391 1346 sunt,
1414 1287 1482 1328 non

255 1371 468 1455 repudiemus.
509 1391 570 1434 nec
592 1393 667 1436 vero
692 1371 778 1454 aliis,
801 1391 898 1455 quam
923 1392 1004 1453 quae
1024 1371 1171 1453 exposita
1194 1374 1284 1453 sunt,
1307 1372 1484 1455 elementis,

255 1478 335 1542 illud
361 1478 510 1541 suffixum
529 1481 672 1561 constat,
697 1479 731 1541 in
759 1479 843 1563 quod
870 1477 1066 1561 participum
1091 1479 1271 1561 praesentis
1298 1479 1377 1542 exit:
1406 1484 1485 1562 -unt,

254 1585 305 1648 vel
343 1587 517 1668 praeeunte
555 1584 655 1667 stirpe
692 1607 774 1668 quae
811 1585 1003 1650 vocabulum
1041 1584 1184 1648 continet
1217 1583 1310 1670 erist)
1349 1607 1485 1668 quarum

255 1696 424 1775 utramque
447 1690 585 1754 formam
612 1683 824 1776 aequabiliter
842 1693 890 1754 ita
908 1691 1072 1774 usurpari,
1096 1694 1132 1754 ut
1150 1691 1205 1754 uni
1225 1689 1391 1775 eidemque
1411 1713 1484 1756 con·

256 1799 327 1863 silio
360 1797 540 1862 inserviant
573 1795 704 1861 Curtius
714 1795 740 1879 2)
773 1798 1015 1862 demonstravit.
1066 1819 1148 1882 quae
1180 1797 1281 1881 igitur
1312 1796 1484 1861 intercedit

256 1905 436 1968 differentia
458 1905 544 1967 inter
565 1904 796 1968 formationem
820 1905 985 1988 participii
1000 1907 1041 1970 ,et
1064 1903 1211 1987 gerundii
1235 1925 1273 1966 ea
1297 1907 1359 1988 est,
1390 1907 1427 1968 ut
1449 1904 1483 1968 in

255 2012 310 2076 illo
334 2011 442 2075 suffixi
460 2013 556 2076 arc-do
579 2011 630 2074 vel
649 2012 737 2075 erc-do
760 2010 851 2074 nulla
874 2011 1004 2095 gravior
1025 2011 1085 2073 fiat
1107 2010 1261 2092 mutati0,
1283 2010 1318 2073 in
1340 2010 1402 2074 hoc
1426 2033 1480 2073 au-

254 2122 321 2182 tem
343 2119 454 2182 littera
476 2120 491 2180 t
513 2117 548 2181 in
567 2118 586 2181 d
611 2117 796 2181 debilitetur
818 2121 951 2202 totaque
969 2117 1085 2180 ultima
1104 2116 1230 2200 syllaba
1252 2117 1286 2180 in
1307 2115 1481 2180 secundam

256 2227 401 2288 transeat
432 2223 690 2288 declinationem.
741 2246 838 2307 quam
874 2223 1123 2307 explicationem
1160 2223 1246 2287 haud
1281 2223 1485 2287 mediocriter

257 2331 426 2394 stabiliunt
458 2331 540 2395 tales
572 2331 709 2414 formae,
742 2353 825 2414 quae
854 2352 1049 2415 quamquam
1081 2330 1229 2414 gerundii
1256 2329 1483 2394 formationem

255 2459 332 2520 prae
357 2459 391 2500 se
409 2437 533 2521 ferunt,
555 2442 665 2502 tamen
684 2438 953 2522 significationem
972 2437 1135 2521 participii
1154 2437 1335 2521 praesentis
1354 2437 1484 2520 habent,

257 2545 344 2608 sicut
369 2545 523 2610 tutandus
543 2546 691 2627 yleiteud,
711 2544 767 2608 sed
791 2544 879 2608 aliud
903 2547 952 2608 est
969 2545 1143 2627 periculam
1166 2545 1302 2608 labandi.

835 2725 907 2803 §a

438 2857 477 2912 A.
514 2857 563 2910 De
587 2855 764 2924 participio
787 2857 975 2926 praesentis
998 2858 1032 2911 et
1055 2830 1166 2910 futuri
1188 2857 1296 2911 activi.

345 2989 554 3073 Participium
577 2989 756 3072 praesentis
777 2990 940 3075 significat
964 2991 1138 3073 actionem,
1162 3011 1243 3074 quae
1268 2989 1380 3053 eodem
1404 2993 1484 3054 tcm-

256 3118 334 3178 pore
353 3100 448 3180 atque
468 3095 528 3159 illa
546 3097 597 3180 fit,
620 3096 671 3160 cui
691 3096 887 3181 supplendae
907 3097 957 3160 vel
976 3095 1222 3180 amplificandae
1240 3097 1384 3162 inservit.
1421 3097 1481 3160 ita-

257 3223 318 3286 que
337 3203 439 3267 multa
457 3202 640 3287 participia,
658 3225 731 3268 cum
751 3204 818 3268 sint
836 3203 994 3268 adiectiva
1012 3203 1164 3285 verbalia,
1182 3206 1332 3268 naturam
1352 3203 1482 3267 adiecti·

256 3330 370 3392 vorum
393 3308 440 3372 ita
463 3308 635 3392 adoptasse
658 3313 800 3391 constat,
827 3313 953 3383 utnon
977 3332 1050 3375 cum
1074 3333 1111 3374 eo
1136 3332 1231 3393 quem
1255 3310 1344 3375 verbi
1367 3313 1483 3373 natura

257 3414 418 3478 desiderat
441 3437 532 3499 casu,
556 3415 611 3479 sed
634 3437 707 3480 cum
730 3417 881 3500 genetivo
904 3417 1088 3498 iungantur.
1135 3457 1142 3470 ·

347 3522 435 3598 Quae
470 3545 546 3587 vero
574 3522 746 3606 participio
779 3522 881 3586 futuri
909 3523 1007 3587 activi
1037 3523 1260 3608 designantur,
1289 3545 1327 3586 ea
1354 3543 1420 3586 non
1443 3521 1483 3586 ad

256 3649 425 3712 praesens,
449 3629 504 3692 sed
524 3630 564 3694 ad
589 3630 734 3694 futurum
757 3633 885 3713 tempus
904 3631 1065 3715 pertinere
1085 3631 1193 3714 ipsum
1211 3651 1331 3695 nomen
1354 3628 1485 3694 indicat.

257 3755 335 3798 usus
355 3735 455 3818 ipsius
474 3736 564 3800 varia
583 3756 701 3821 genera
719 3735 806 3798 infra
824 3735 1079 3818 explicabuntur.
1114 3736 1265 3803 suffixum
1284 3735 1483 3819 primitivum

258 3845 321 3924 tar,
349 3862 412 3924 quo
435 3842 568 3906 nomina
592 3842 719 3927 agentis
747 3841 943 3926 formantur,
976 3844 1009 3907 in
1041 3845 1104 3908 hoc
1131 3843 1301 3927 participio
1329 3844 1366 3906 in
1395 3848 1484 3908 turres

257 3945 488 4029 amplificatum
511 3952 569 4013 est.

359 4117 395 4172 B.
427 4117 476 4171 De
500 4117 676 4187 participio
701 4117 891 4188 imperfecti
914 4121 1009 4186 quod
1032 4119 1157 4174 dicitur
1179 4119 1221 4173 de
1245 4121 1381 4174 conatu.

315 4281 317 4288 ,
347 4232 545 4296 Peculiarem
565 4231 679 4315 Taciti,
697 4232 816 4319 Vellei,
836 4232 982 4298 Sallustii
1001 4257 1095 4298 usum
1115 4256 1188 4298 eum
1208 4255 1358 4298 enarrare
1378 4233 1484 4316 liceat,

259 4359 322 4422 quo
345 4337 516 4421 participia
538 4339 634 4422 plane
658 4342 694 4402 ut
723 4340 854 4404 verbum
879 4340 1006 4403 finitum
1035 4339 1073 4404 de
1097 4342 1222 4404 actione
1245 4340 1395 4404 dicuntur
1417 4360 1484 4403 non

331 4514 359 4580 1)
383 4512 462 4566 Hanc
481 4513 570 4567 solam
588 4513 625 4568 ab
643 4513 724 4567 initio
743 4513 829 4568 luisse
849 4513 939 4567 suffixi
964 4515 1085 4584 speciem
1105 4515 1246 4584 Brugman
1266 4513 1341 4569 Curt.
1357 4514 1429 4570 stud.
1445 4513 1483 4566 IX

259 4606 311 4654 329
322 4618 381 4668 sqq.
400 4601 518 4670 probare
537 4602 639 4655 studet.

330 4693 357 4758 2)
378 4689 487 4744 Griech.
509 4689 590 4743 Verb.
610 4691 643 4744 ΙΙ.
664 4696 723 4744 116.
