3330 5228
254 324 297 388 26
594 287 597 293 Ι
796 323 887 394 Caput
904 325 937 380 ll.

257 486 398 552 stantiva
430 488 482 552 hic
515 510 592 552 usus
625 488 774 572 pertinet.
825 488 864 552 cf.
896 488 973 553 hist.
1000 488 1030 571 I,
1062 488 1101 552 11
1139 490 1218 553 duae
1248 489 1478 566 Mauretaniae,

253 595 380 678 Raetia,
403 595 567 680 Noricum,
592 595 744 660 Thraecia
766 601 795 660 et
816 617 893 678 puae
915 595 998 660 aliae
1013 596 1270 677 procuratoribus
1291 592 1348 681 (=
1368 618 1388 659 a
1406 618 1478 679 pro·

254 700 471 786 curatoribus)
493 701 675 767 cohibentur.
709 702 789 768 alios
805 704 894 768 locos
910 703 1041 787 collegit
1054 701 1200 767 Heraeus
1220 701 1261 767 ad
1281 701 1355 767 hist.
1379 703 1409 787 I,
1431 705 1480 767 11.

344 808 576 893 Exemplorum
607 818 754 886 genetivi
781 810 946 894 participii
977 811 1157 893 praesentis
1186 809 1383 874 substantivi
1410 810 1479 875 vice

254 915 422 1000 fungentis
450 916 535 999 apud
559 911 760 1000 Sallustium,
783 916 958 999 Velleium,
986 916 1134 982 Tacitum
1168 916 1277 1000 ampla
1305 915 1480 981 multitudo

256 1025 317 1106 est,
341 1046 466 1107 qua-
488 1022 522 1085 id
541 1022 627 1109 quod
645 1023 678 1086 in
702 1022 966 1088 antecedentibus
990 1044 1120 1087 monere
1139 1023 1288 1088 consulto
1309 1022 1477 1088 omisimus

256 1165 297 1176 -
327 1131 448 1214 optime
475 1129 714 1194 demonstratur
747 1130 919 1214 scriptores
955 1152 1096 1216 quoque,
1126 1130 1242 1215 quibus
1276 1128 1479 1194 illustrandis

254 1259 314 1302 nos
330 1237 535 1322 ,singularem
555 1259 686 1320 operam
710 1259 881 1322 navamus,
909 1237 975 1322 legi
997 1238 1048 1301 illi
1070 1237 1243 1302 indulsisse
1268 1237 1308 1301 ab
1328 1238 1479 1302 omnibus

254 1342 444 1408 Latinorum
468 1344 680 1427 scriptoribus
705 1343 909 1429 observatae,
937 1343 1110 1408 seeundum
1140 1365 1236 1426 quam
1265 1344 1478 1409 substantivis

256 1451 291 1514 in
315 1456 363 1514 tor
385 1451 605 1515 desinentibus
627 1433 784 1535 personae
808 1451 855 1516 ita
879 1451 1117 1536 significantur,
1140 1453 1177 1514 ut
1200 1450 1382 1533 proprietas
1406 1473 1478 1535 per-

253 1561 352 1642 petuo
376 1557 416 1622 iis
439 1558 610 1623 inhaerens
633 1558 841 1643 respiciatur,
863 1557 1044 1642 participiis
1068 1561 1177 1622 autem
1194 1558 1375 1642 praesentis
1399 1564 1479 1624 tem-

255 1663 343 1747 poris
366 1664 427 1743 ita,
455 1667 492 1730 ut
513 1666 695 1750 proprietas
719 1665 824 1750 magis
853 1666 888 1730 in
912 1688 1010 1730 sensu
1033 1667 1182 1730 concreto
1205 1669 1242 1730 ut
1264 1665 1312 1730 ita
1335 1665 1479 1732 dicamus

255 1753 293 1834 ex
316 1771 441 1836 actione
465 1773 602 1856 quadam
627 1775 677 1838 vel
700 1776 788 1838 statu
810 1794 876 1837 non
899 1775 1107 1856 permanente
1130 1775 1202 1836 orta
1224 1772 1377 1859 fingatur.

344 1876 502 1962 Exempla
527 1883 603 1943 sunt
1269 1871 1273 1878 ¹

417 1999 595 2087 a)1¹aoiti:

344 2109 430 2174 Ann.
451 2110 497 2194 H,
517 2113 537 2174 2
560 2112 613 2176 ubi
636 2113 725 2177 illam
744 2112 879 2194 pluriam
902 2113 1124 2188 trucidantium
1143 2110 1292 2178 &russum
1314 2112 1479 2176 exturbari

256 2217 333 2282 tium
347 2217 530 2282 Antonium.
558 2217 601 2303 ΙΙ,
615 2219 658 2283 33
675 2219 800 2299 facilem
818 2239 977 2284 assensum
996 2221 1166 2286 similitudo
1184 2221 1377 2297 audientium
1390 2219 1480 2284 dedit.

255 2323 298 2387 ib.
315 2325 510 2405 possidentis.
546 2324 592 2411 ΙΙ,
611 2326 655 2389 40
681 2326 812 2408 aupebat
837 2327 1023 2391 intrantium
1046 2329 1130 2392 oism
1157 2327 1273 2390 animia
1295 2327 1395 2407 ipsius
1417 2347 1481 2407 spe-

255 2431 322 2496 cies.
363 2431 474 2516 11‚54
496 2433 744 2497 consultantium.
779 2432 845 2516 ΙΙΙ,
867 2433 889 2496 4
911 2435 1087 2516 promptius
1109 2435 1303 2516 apertiusque
1329 2453 1424 2514 quarn
1446 2437 1482 2496 ut

256 2539 429 2604 meminisse
458 2540 703 2620 imperitantium
731 2541 870 2604 auderes.
915 2539 980 2624 ΙΙΙ,
1007 2542 1047 2605 10
1079 2542 1183 2605 minas
1214 2541 1427 2606 accusantium
1454 2543 1483 2603 et

254 2643 326 2709 ltine
338 2665 442 2726 preces
461 2647 557 2711 audit.
592 2645 716 2730 111‚25
739 2633 869 2711 celerum
887 2649 1051 2712 multituda
1067 2647 1313 2728 periclitantium
1328 2646 1481 2728 pliseebat.

255 2750 318 2835 III,
341 2752 383 2815 29
407 2773 470 2817 nou
494 2754 561 2818 sine
582 2755 682 2818 irrisu
703 2755 905 2819 audientium.
941 2753 988 2837 ΙΙ,
1012 2755 1052 2818 61
1078 2753 1308 2834 inquirentium.
1350 2752 1480 2836 111‚35

255 2860 349 2941 speeie
375 2862 553 2948 recusantis.
593 2861 636 2925 ib.
660 2861 869 2942 adulantium.
910 2860 973 2943 III,
996 2861 1040 2924 40
1061 2861 1315 2942 praesidentium.
1352 2857 1414 2942 ΙΠ,
1437 2857 1478 2923 51

255 2967 473 3031 uuismntium.
509 2967 574 3051 III,
598 2966 641 3032 65
669 2973 734 3031 tam
751 2969 903 3050 proiectae
925 2968 1122 3032 sumentium
1140 2967 1311 3049 patientiae
1336 2965 1478 3030 madebat.

256 3072 356 3155 IV‚8
381 3075 556 3156 lupentinm.
592 3072 686 3156 IV,9
710 3074 911 3138 audientium.
943 3071 1001 3157 IV,
1022 3073 1061 3136 11
1085 3072 1323 3137 dominantium.
1360 3069 1417 3154 Ν,
1438 3072 1478 3134 12

255 3179 394 3244 habitum
416 3201 452 3245 ae
474 3201 556 3246 noces
580 3181 735 3246 dolentum
758 3229 764 3243 .
785 3230 791 3243 .
812 3231 818 3243 .
838 3230 844 3243 .
868 3179 1021 3244 induebat.
1058 3178 1119 3262 Ν,
1140 3178 1181 3242 15
1206 3179 1302 3244 laetas
1323 3179 1405 3242 inter
1426 3199 1481 3242 au-

256 3288 405 3351 dientium
428 3288 609 3367 affectiones.
642 3286 699 3371 IV,
723 3288 764 3351 27
789 3289 1032 3352 commeantium.
1071 3285 1129 3371 IV,
1152 3287 1195 3350 33
1219 3287 1388 3369 tepentium.
1425 3283 1481 3368 IV,

256 3395 298 3458 41
317 3396 517 3460 salutantum.
550 3395 592 3461 ib.
611 3396 817 3478 affluentium.
848 3392 904 3480 Ν,
920 3395 962 3460 63
988 3395 1245 3476 complectentium
1268 3392 1481 3457 osculantium.

256 3608 449 3676 innarrabilis,
469 3608 544 3675 quod
563 3607 731 3663 vocabulum
750 3606 865 3661 exhibet
879 3605 990 3674 Sauppe
1009 3604 1038 3658 in
1053 3603 1288 3660 commentatione
1307 3604 1342 3658 de
1360 3604 1398 3660 M.
1416 3602 1481 3658 Vel-

256 3694 312 3749 leio
340 3695 501 3764 Paterculo,
526 3696 658 3751 Schuetz.
677 3698 748 3751 Mus.
774 3702 842 3750 1837
862 3697 888 3764 Ι,
906 3701 1053 3764 pag.·17'l.
1090 3693 1266 3764 respicienda
1294 3693 1380 3748 etiam
1408 3695 1481 3763 sunt,

256 3801 328 3851 quae
352 3785 493 3854 congessit
514 3785 651 3840 Henricus
675 3785 811 3856 Georges,
835 3785 869 3840 de
894 3784 1051 3840 elocutione
1075 3784 1112 3840 M.
1131 3781 1235 3838 Velleii
1252 3781 1394 3838 Paterculi
1414 3801 1480 3853 pag.

257 3879 291 3927 24
302 3875 381 3942 squ).

327 3961 409 4031 Loci,
429 3963 476 4032 qui
495 3964 550 4018 huc
569 3966 711 4033 spectant,
730 3965 807 4019 sunt:
831 3962 895 4018 Tac.
914 3961 978 4017 hist.
999 3963 1024 4030 Ι,
1043 3967 1077 4017 35
1103 3962 1233 4018 manare
1251 3961 1419 4016 blandientes
1436 3962 1481 4016 ia-

255 4057 408 4121 ecrruptus.
451 4051 488 4121 V,
509 4058 523 4107 7
551 4053 685 4108 modicum
707 4055 738 4108 id
761 4054 827 4108 litus
849 4057 873 4107 et
896 4053 1063 4122 aparentibus
1084 4051 1286 4106 ineabaustum.
1329 4051 1421 4106 Germ.
1446 4057 1480 4104 20

254 4143 420 4198 inexhausta
437 4142 577 4210 pubertas.
614 4141 707 4212 Agris.
728 4147 760 4196 18
783 4141 856 4196 nibil
873 4142 993 4196 arduum
1011 4145 1061 4196 aut
1079 4141 1214 4194 inuictum
1232 4139 1409 4196 crediderint.
1445 4145 1479 4194 33

256 4231 414 4300 Apricclam
433 4231 532 4286 laetum
549 4232 598 4286 uia
615 4232 791 4286 memineritis
809 4231 953 4286 coercitum
970 4232 1083 4285 militem
1101 4229 1271 4284 adhortatus.
1306 4245 1369 4283 ann.
1385 4228 1431 4298 Ν,
1446 4235 1481 4284 30

257 4321 389 4376 delatores
405 4337 490 4390 penus
502 4322 642 4376 mainan
657 4360 774 4376 ......
790 4321 888 4389 poenis
902 4321 1010 4389 quidem
1027 4336 1171 4389 nunquam
1183 4320 1252 4374 satis
1270 4318 1414 4372 maritum
1431 4335 1481 4386 per

251 4410 379 4477 praemia
406 4410 590 4465 eliciebantur.
629 4409 693 4477 XV,
722 4414 755 4463 21
783 4410 904 4463 inuictus
931 4409 1074 4463 adrasum
1101 4409 1221 4478 pralium
1249 4407 1367 4463 animm.
1413 4405 1480 4461 Sall.

257 4497 316 4566 Ing.
334 4499 445 4554 animas
462 4501 648 4568 incorruptus.
681 4504 753 4566 76,1
773 4513 822 4552 rea
840 4496 950 4552 Metello
967 4497 1039 4552 nibil
1056 4497 1188 4565 infectum
1205 4499 1292 4550 ran.
1330 4499 1377 4564 43,
1397 4499 1413 4548 5
1433 4497 1481 4549 ad-

256 4602 365 4643 uorsmn
387 4589 500 4644 diuitias
522 4589 654 4644 inuictum
678 4587 808 4641 animum.
846 4591 888 4653 91,
910 4591 924 4640 'l
951 4602 1037 4655 penas
1059 4587 1198 4641 laminmn
1225 4584 1334 4650 mcum,
1362 4583 1481 4652 infidum

257 4682 321 4733 ante
338 4657 428 4748 neque¹
440 4677 566 4745 beneficio
584 4693 668 4746 neque
686 4680 759 4730 metu
777 4675 928 4730 coercitum.
