3330 5228
589 657 941 762 Praemitterida.

186 961 188 965 Ι
245 992 296 1056 Ad
314 992 443 1074 linguae
459 989 594 1054 Latinae
612 989 711 1074 leges,
731 988 890 1072 quomodo
910 985 1066 1070 paulatim
1088 986 1282 1051 constitutae
1302 982 1377 1068 sint,

151 1103 237 1163 recte
262 1096 502 1184 cognoscendas
532 1119 628 1180 quam
652 1119 716 1161 non
744 1096 840 1160 modo
868 1095 960 1178 utile,
989 1095 1044 1158 sed
1074 1116 1205 1177 prorsus
1233 1114 1377 1158 necessa-

65 1201 71 1212 ’
152 1207 234 1269 rium
267 1205 310 1269 sit
342 1205 495 1288 syntaxin
528 1225 626 1288 quam
655 1206 774 1268 vocant
806 1203 995 1266 historicam
1023 1202 1194 1286 diligenter
1222 1201 1376 1282 excolere,
1446 1243 1450 1250 ·

151 1315 219 1374 tam
239 1309 334 1374 certis
353 1311 553 1394 argumentis
577 1311 642 1374 iam
667 1333 762 1394 saepe
782 1309 1038 1373 demonstratum
1058 1305 1149 1393 est1),
1172 1311 1210 1372 ut
1228 1306 1378 1390 probabi-

152 1417 233 1479 liora
255 1416 320 1479 illis
344 1416 459 1481 addere
482 1418 536 1481 vix
559 1417 728 1502 possimus.
772 1421 917 1480 attamen
939 1415 1015 1479 libri
1039 1415 1093 1499 qui
1117 1414 1192 1487 huic
1219 1413 1376 1492 desiderio

150 1522 331 1586 inserviunt
357 1507 533 1588 nec'multi
558 1527 690 1588 suntet
718 1511 773 1587 ica'
787 1523 932 1607 plerique
956 1521 1149 1606 comparati,
1179 1523 1215 1583 ut
1237 1520 1376 1583 multum

154 1629 253 1712 absit,
283 1631 360 1712 quin
391 1652 441 1694 res
474 1631 570 1714 plane
601 1631 796 1694 absolvatur.
847 1651 924 1694 nam
955 1629 989 1690 in
1022 1633 1115 1692 tanto
1147 1631 1278 1709 tamque
1310 1626 1377 1689 lato

153 1757 267 1818 campo
295 1758 361 1801 non
389 1737 510 1801 sufficit
537 1738 705 1801 collectam
733 1759 771 1800 ex
799 1736 942 1802 omnium
970 1736 1099 1820 linguae
1128 1738 1270 1798 aetatum
1298 1732 1378 1795 idio·

154 1843 250 1906 matis
269 1843 467 1928 farraginem
482 1865 687 1926 componere,
707 1844 762 1908 sed
782 1843 942 1908 distinctis
961 1863 1020 1925 pro
1044 1844 1227 1925 temporum
1251 1839 1378 1903 ratione

153 1949 308 2031 exemplis
337 1972 395 2014 sua
422 1951 534 2034 cuique
568 1952 667 2015 aetati
695 1951 818 2014 indoles
851 1949 1024 2014 tribuenda
1059 1952 1122 2032 est,
1149 1951 1186 2012 ut
1204 1968 1269 2042 ‚per
1299 1969 1379 2030 quas

153 2055 391 2120 vicissitudines
416 2057 455 2120 ad
480 2061 585 2121 certae
609 2058 774 2121 cuiusdam
804 2057 919 2120 aetatis
943 2055 1233 2120 conformationem
1263 2053 1379 2136 lingna

155 2163 343 2246 accreverit,
367 2164 494 2246 penitus
518 2164 735 2248 intellegatur.

243 2268 403 2344 Quoniam
423 2275 531 2334 autem
549 2270 731 2334 universam
748 2269 917 2334 materiam
942 2267 1102 2351 aequabili
1125 2271 1158 2332 et
1181 2267 1327 2331 acumine
1347 2269 1380 2329 et

154 2375 324 2460 diligentia
356 2380 553 2458 pertractare
586 2379 681 2442 unius
713 2377 854 2442 hominis
882 2377 966 2440 vires
996 2375 1135 2460 excedit,
1167 2375 1201 2439 in
1231 2374 1377 2458 singulas

155 2483 300 2564 syntaxis
322 2487 431 2566 partes
451 2505 595 2548 seorsum
618 2484 843 2568 inquirendum
869 2487 933 2566 est,
957 2481 1184 2566 utaliquando
1204 2481 1379 2545 multorum
1434 2512 1436 2514 ·

155 2587 295 2652 virorum
319 2590 497 2654 coniunctis
520 2590 686 2656 laboribus
705 2592 803 2674 plena
825 2594 858 2655 et
880 2591 968 2654 clara
983 2591 1092 2654 totius
1112 2589 1243 2672 linguae
1267 2589 1377 2672 imago

154 2695 259 2778 possit
291 2695 484 2761 adumbrari.
538 2719 619 2781 quae
650 2719 722 2761 cum
754 2698 800 2761 ita
831 2697 896 2761 sint
928 2719 999 2760 cum
1032 2696 1105 2760 usui
1135 2695 1379 2779 participiorum

155 2800 348 2866 illustrando
364 2824 494 2886 operam
508 2807 654 2868 nostram
669 2803 852 2868 navandam
867 2825 936 2867 esse
952 2803 1145 2887 duxerimus,
1163 2802 1285 2886 paucis,
1299 2823 1378 2885 quas

158 2909 300 2973 rationes
325 2910 426 2974 secuti
449 2911 562 2994 simus,
587 2932 746 2994 exponere
769 2911 874 2975 liceat.

246 3013 294 3080 Ac
323 3017 568 3100 participiorum
596 3040 690 3081 usum
715 3039 783 3082 eur·
799 3017 971 3081 nemodum
996 3017 1175 3082 accuratius
1203 3018 1379 3100 pertracta·

155 3122 250 3206 verit,
273 3122 359 3186 haud
378 3101 507 3187 difficile
531 3127 580 3187 est
603 3123 644 3187 ad
667 3123 934 3208 cognoscendum.
972 3128 1046 3188 ante
1070 3123 1180 3187 omnia
1203 3124 1380 3206 plerarum-

156 3249 218 3311 que
243 3231 478 3293 structurarum
507 3234 624 3294 natura
650 3234 718 3294 tam
748 3230 919 3313 perspicua
946 3252 1015 3294 esse
1043 3230 1226 3312 ridebatur,
1254 3233 1291 3293 ut
1318 3229 1379 3293 viri

157 3334 244 3399 docti
277 3335 311 3398 in
340 3336 380 3400 iis
404 3337 601 3419 explicandis
634 3359 699 3400 non
723 3359 793 3401 esse
821 3337 1053 3402 elaborandum
1077 3335 1311 3420 existimarent,
1344 3357 1381 3400 ac

157 3444 267 3504 tamen
296 3443 433 3506 multum
463 3443 567 3526 abest,
602 3443 680 3526 quin
708 3443 818 3507 omnia
850 3446 935 3508 recte
966 3442 1189 3507 intellexerint.
1240 3465 1316 3506 nam
1344 3447 1382 3506 ut

159 3549 324 3611 taceamus
344 3549 382 3612 de
401 3548 499 3612 variis
515 3549 637 3632 ellipsis
657 3549 769 3613 formis
789 3550 1012 3633 similibusque
1031 3549 1244 3632 adminiculis,
1263 3549 1379 3633 quibus

159 3651 367 3720 difficultates
391 3677 457 3720 non
481 3649 644 3739 expedire,
668 3655 723 3718 sed
746 3655 849 3720 uitare
873 3655 1059 3740 studebant,
1081 3654 1168 3719 haud
1188 3677 1261 3719 raro
1281 3656 1379 3720 etiam

157 3761 361 3846 factumest,
384 3766 421 3828 ut
445 3783 526 3846 quae
546 3765 726 3826 structurae
746 3766 821 3826 sunt
843 3761 973 3848 linguae
992 3762 1127 3827 Latinae
1146 3762 1303 3826 idiomata
1321 3783 1379 3827 suo

156 3867 225 3930 iure
249 3869 374 3932 utentia
401 3869 536 3952 ideoque
562 3890 599 3931 ex
628 3868 696 3933 eius
723 3869 831 3933 indole
859 3869 1065 3952 explicandae
1093 3868 1256 3952 videntur,
1274 3890 1338 3932 *eas
1363 3889 1380 3932 e

158 3971 355 4038 Graecorum
378 3997 438 4051 usu
461 3975 614 4059 loquendi
637 3975 823 4060 desumptas
847 3996 916 4038 esse
939 3978 1098 4058 putarent

247 4080 328 4164 (lum
356 4081 457 4166 igitur
485 4083 570 4166 apud
593 4081 729 4148 Latinos
755 4104 832 4146 usus
860 4081 1023 4165 participii
1046 4084 1079 4146 et
1105 4105 1163 4167 per
1185 4103 1219 4146 se
1247 4083 1380 4147 maximi

230 4257 255 4324 1)
274 4255 390 4311 Praeter
404 4257 460 4310 alia
475 4256 677 4312 consideranda
692 4257 756 4310 sunt
775 4272 846 4326 quae
865 4273 954 4326 nuper
972 4256 1082 4311 monuit
1094 4257 1259 4312 Franciscus
1272 4257 1379 4313 Buche-

157 4343 200 4397 ler
219 4342 439 4415 (Philologische
457 4345 565 4416 Kritik,
584 4347 664 4402 Bonn
684 4353 766 4414 1878,
786 4363 850 4416 pag.
868 4352 899 4400 16
915 4348 986 4415 squ.)
1006 4387 1055 4400 ...
1086 4347 1148 4402 Wir
1166 4349 1304 4404 bracchas
1322 4349 1381 4402 eine

155 4448 262 4500 pennae
285 4433 413 4490 Statielli
436 4435 495 4490 aad
517 4435 672 4490 Gescba'cbte
694 4437 763 4491 oller
782 4435 1163 4492 Constructionsucrhdltaisse
1191 4438 1250 4492 aad
1274 4438 1379 4492 stilisti-

155 4523 237 4576 acben
259 4522 500 4595 Erscbeiaanqea,
522 4525 617 4579 welche
640 4541 693 4580 aas
715 4525 849 4594 besdba'pt,
876 4526 914 4580 im
933 4524 1174 4596 Spracbqebraucb
1196 4528 1257 4581 ared
1278 4528 1310 4581 ia
1332 4527 1381 4581 der

157 4609 352 4682 Pirascoloqic
370 4613 446 4680 Jedes
469 4613 676 4680 Sebrifistellers
694 4612 824 4668 Ercrttes
842 4614 902 4668 rard
919 4614 1050 4684 Etyma,
1070 4613 1301 4670 Gemeindblictes
1321 4615 1381 4668 aad

157 4699 402 4769 Freiersundrnea,
420 4703 612 4772 Notweadiqcs
629 4702 688 4756 arrd
705 4702 857 4771 Beliebipee
874 4707 1038 4773 strcupsteas
1055 4720 1090 4758 ru
1108 4705 1321 4777 unterscbeidea.

211 4800 297 4853 Haun,
310 4801 337 4840 de
351 4801 523 4850 participiorum
537 4813 587 4843 usu.
666 4837 672 4843 .
1152 4798 1165 4845 1
