3300 5224
524 267 565 320 De
583 266 795 336 participiorum
814 268 914 321 natura
932 267 1048 322 verbali.
1340 265 1402 330 127

174 435 213 494 ut
237 430 279 495 ab
303 452 341 495 eo
366 429 574 494 classicorum
597 431 860 514 angustissimos,
890 429 972 494 Livii
1001 431 1097 513 paulo
1122 431 1294 513 ampliores
1322 429 1403 494 fines

173 541 350 621 perruptas
373 559 444 601 esse
471 537 539 600 iure
563 537 748 601 contendas.
771 575 815 582 —-
843 536 1042 600 Permultum
1066 540 1172 600 autem
1197 536 1284 601 hunc
1307 559 1401 600 usum

173 645 216 708 ad
242 644 422 728 aagendam
442 645 600 709 orationis
619 645 783 710 concisam
807 643 1000 707 brevitatem
1024 643 1128 707 facere
1152 645 1186 707 in
1207 648 1321 726 aperto
1346 648 1403 708 est.

172 755 315 814 ceterum
340 751 425 834 quod
449 751 620 815 discrimen
644 753 729 816 inter
749 751 926 815 ablativum
950 750 1097 835 gerundii
1122 771 1193 814 cum
1217 752 1401 814 accusativo

175 857 385 921 coniunctum
410 860 441 920 et
465 857 642 922 ablativum
668 857 836 942 gerundivi
859 857 1042 939 intercedit,
1068 857 1114 920 ita
1137 856 1267 920 definire
1291 879 1404 940 possu-

171 986 261 1045 mus,
291 967 328 1026 ut
351 963 541 1048 gerundium
565 965 641 1048 poni
665 965 808 1029 dicamus
838 963 894 1028 ubi
917 964 1007 1027 notio
1032 964 1120 1027 verbi
1143 965 1341 1047 praevaleat,
1369 965 1404 1027 in

172 1071 305 1134 obiecto
326 1072 433 1134 autem
461 1071 585 1134 nullum
609 1071 735 1155 pondus
754 1070 846 1154 insit,
869 1069 1082 1153 gerundivum
1105 1069 1161 1132 ubi
1180 1071 1312 1134 verbum
1332 1092 1405 1133 curn
1452 1100 1456 1105 ·

171 1176 302 1241 obiecto
331 1175 365 1240 in
393 1199 491 1241 unam
523 1178 690 1242 notionem
713 1177 873 1241 coalescat
902 1198 1005 1260 neque
1036 1176 1172 1239 alterum
1201 1197 1277 1258 prae
1302 1177 1403 1241 altero

171 1282 324 1346 emineat.
372 1286 469 1368 atque
499 1284 577 1347 haec
600 1282 665 1366 lex,
699 1283 827 1348 etiamsi
855 1304 921 1346 non
949 1281 1100 1346 omnibus
1129 1281 1209 1346 locis
1239 1283 1403 1364 probatur,

168 1393 286 1452 tamen
320 1390 399 1452 satis
433 1390 543 1454 multis
576 1390 730 1473 exemplis
759 1390 953 1472 illustratur,
984 1389 1073 1453 velut
1096 1387 1170 1452 Tac.
1193 1389 1267 1453 hist.
1290 1388 1338 1472 II,
1360 1390 1402 1454 48

169 1495 331 1558 medendo
363 1497 508 1580 pietatem
539 1497 604 1560 cius
636 1498 812 1579 castipaudo
844 1497 1051 1576 formidinem.
1104 1493 1165 1572 ΠΙ,
1190 1496 1230 1559 61
1265 1498 1403 1578 aupendo

168 1601 359 1666 rumoribus·
377 1603 518 1666 uirtutem
545 1604 705 1685 copiasque
738 1602 880 1668 hostium.
927 1601 1009 1667 Vell.
1032 1601 1078 1686 II,
1102 1601 1144 1665 56
1176 1602 1308 1667 alterum
1331 1623 1403 1683 pro-

168 1707 319 1772 mittendo
338 1709 530 1773 consulatum
548 1730 610 1773 nou
629 1708 814 1792 oblipacerat
830 1714 937 1774 contra
955 1707 1124 1788 differendo
1148 1705 1290 1772 Cassium
1310 1707 1403 1786 offen-

170 1814 269 1877 derat.
321 1813 399 1880 Sall.
423 1816 493 1900 lug.
519 1816 591 1900 l,2
620 1835 748 1897 sperum
769 1817 815 1880 ccl
838 1815 1015 1880 ostentando
1038 1815 1180 1877 cirtuum
1203 1815 1248 1878 ccl
1270 1814 1403 1878 hostium

54 2001 58 2011 ι
170 1920 303 1984 saeuitia
328 1922 420 2002 facile
443 1943 512 1986 nrm
539 1943 718 1986 occasumm
741 1926 774 1987 et
802 1923 847 1987 sic
875 1944 972 2006 porro
996 1922 1110 1985 ceteris
1132 1921 1213 1985 locis
1238 1922 1291 2005 qui
1316 1922 1404 1986 infra

171 2030 358 2108 sequentur.
405 2049 503 2111 quare
526 2027 710 2092 Walckium
734 2028 773 2092 ad
798 2028 872 2093 Tac.
898 2028 1004 2112 Agric.
1029 2027 1075 2091 IX
1103 2027 1209 2110 opinio
1238 2027 1330 2091 valde
1359 2029 1403 2091 fe·

170 2133 258 2196 fallit
281 2137 476 2198 statuentem
504 2135 601 2198 istam
630 2137 826 2198 structuram
855 2155 892 2197 eo
916 2137 1043 2197 tantum
1071 2134 1112 2196 ab
1143 2133 1244 2196 altera
1269 2133 1403 2212 differre,

172 2238 260 2322 quod
285 2241 449 2324 antiquior
471 2241 523 2304 sit.
565 2242 730 2324 pertinent
752 2244 860 2306 autern
883 2239 959 2304 huc:

334 2429 367 2492 a)
385 2427 507 2483 Taciti:

264 2561 348 2643 Ann.
362 2561 386 2644 Ι,
401 2561 421 2624 6
439 2581 511 2624 neue
526 2561 667 2625 Tiberius
679 2562 743 2625 cim
751 2563 950 2643 principatus
963 2561 1121 2625 resolveret
1133 2564 1242 2624 uincta
1260 2561 1303 2623 ad
1314 2579 1403 2624 sena-

172 2673 239 2731 tum
256 2667 398 2730 vocando.
430 2665 455 2749 I,
471 2667 514 2730 42
535 2665 636 2731 Diuus
654 2667 758 2732 Iulius
777 2669 954 2732 seditionem
973 2668 1121 2732 exercitus
1138 2666 1224 2730 uerbo
1242 2686 1304 2732 uuo
1323 2687 1403 2731 com·

165 2775 288 2855 posunt
311 2771 446 2852 Quirites
467 2774 600 2838 coeundo
623 2774 677 2854 qui
699 2777 926 2838 sacramentum
949 2775 1014 2838 eius
1039 2773 1257 2837 detractabant.
1294 2771 1339 2854 II,
1359 2772 1402 2835 26

171 2880 352 2943 modestiam
370 2879 435 2942 cius
453 2880 623 2961 appreditur
642 2880 773 2944 alarum
794 2881 987 2945 consulatum
1005 2878 1165 2957 offundo.
1201 2876 1243 2960 Π,
1261 2876 1303 2940 55
1315 2882 1402 2958 post-

171 3007 267 3068 quam
286 3035 292 3049 .
308 3035 337 3049 ..
357 2985 485 3066 lepiones
508 2987 610 3068 atti'pit
633 2987 795 3069 larpitimre
813 2987 930 3051 ambitu
949 2987 1073 3068 infimos
1091 2983 1339 3066 manipularium
1357 2984 1403 3046 iu·
1502 2967 1504 2974 ’

170 3094 268 3156 candi
291 3113 323 3157 co
346 3111 440 3174 usque
458 3095 662 3175 corruptionis
679 3099 839 3175 promotus
861 3099 911 3158 est.
953 3093 995 3176 II,
1010 3093 1052 3156 86
1076 3092 1136 3173 epit
1149 3095 1253 3172 prutes
1271 3091 1401 3154 Fonteio

171 3201 333 3282 Aprcppae
355 3201 384 3261 et
400 3197 539 3263 Domitio
558 3200 695 3264 Pollioni
716 3202 798 3282 quod
819 3200 971 3281 offerendo
993 3200 1078 3282 filias
1099 3199 1135 3262 dc
1158 3198 1259 3280 officio
1282 3197 1317 3262 in
1339 3217 1403 3260 rem

168 3307 331 3388 mellicam.
344 3309 500 3370 certarent.
537 3305 628 3389 1V‚2
649 3307 803 3388 dispersas
815 3328 873 3389 per
890 3306 995 3370 urbem
1013 3305 1145 3370 cohortes
1162 3324 1228 3366 unu
1247 3304 1281 3366 in
1300 3308 1402 3366 castra

174 3414 374 3478 cmrducendo.
415 3411 471 3496 IV,
492 3413 532 3476 13
556 3415 703 3476 mutando
721 3415 863 3479 sordidas
881 3432 992 3476 merces
1010 3410 1245 3476 sustentabatur.
1282 3407 1339 3490 IV,
1362 3407 1401 3471 15

176 3519 257 3582 idem
281 3539 384 3604 annus
408 3569 415 3582 .
435 3567 442 3582 .
462 3567 495 3583 ..
522 3519 605 3582 lurotu
628 3519 789 3585 Caesarem
812 3520 916 3600 affecit
937 3519 1068 3582 alterum
1090 3537 1127 3581 cu
1146 3517 1279 3598 peminis
1301 3515 1403 3579 Drusi

178 3626 282 3690 liberis
303 3625 513 3707 cutinpuendo.
555 3625 611 3710 IV,
635 3627 675 3689 21
701 3627 765 3691 illic
788 3628 892 3691 eadem
913 3625 1070 3690 actitando
1092 3625 1224 3688 recentia
1246 3627 1404 3703 oeterrupue

177 3733 249 3796 odia
277 3731 414 3796 aduertit.
465 3731 522 3815 IV,
545 3732 585 3794 41
620 3753 658 3796 ne
690 3733 829 3798 assiduos
855 3733 890 3796 in
919 3733 1044 3796 dornum
1072 3734 1171 3793 metus
1197 3730 1327 3792 arcendo
1354 3730 1403 3792 in-

175 3839 324 3920 frinperet
339 3838 512 3919 potentiam
534 3842 590 3901 aut
615 3840 794 3921 receptando
819 3839 998 3919 facultatem
1019 3833 1257 3901 criminantibus
1278 3837 1403 3917 praebc-

178 3949 231 4008 ret.
272 3943 395 4027 1V‚5a
422 3946 647 4010 reostutando.
694 3944 750 4030 IV,
775 3946 818 4010 64
845 3945 1004 4009 trdmcndo
1026 3943 1186 4024 pecunias.
1239 3942 1322 4024 V,6
1351 3944 1403 4006 ad·

177 4052 294 4114 iciendo
324 4070 371 4113 me
398 4070 514 4131 quoquc
540 4053 581 4116 iis
603 4052 665 4132 qui.
713 4049 774 4133 VI,
798 4052 839 4115 43
863 4051 1028 4116 assidendo
1057 4049 1221 4114 castellum.
1277 4048 1336 4129 VI,
1359 4048 1404 4112 45

178 4159 330 4227 imitando
353 4151 496 4221 amorem.
542 4155 603 4241 XI,
628 4157 645 4220 7
673 4158 823 4238 quosdam
845 4140 1007 4221 cumcendo
1030 4176 1121 4238 apros
1148 4155 1275 4218 tolerare
1297 4155 1402 4218 citum.

178 4264 240 4346 XI,
262 4263 303 4328 29
325 4265 406 4345 plus
417 4264 571 4346 potentiae
585 4265 771 4328 ostentando
789 4263 934 4346 perpe-lit.
975 4261 1048 4345 XII,
1072 4261 1114 4324 39
1136 4261 1236 4341 spolia
1258 4264 1289 4323 ct
1309 4262 1403 4342 capti-

177 4391 229 4434 cos
252 4370 416 4452 impiendo.
463 4367 558 4446 XIII,
582 4368 625 4432 50
652 4369 881 4434 dissolutionem
907 4369 1030 4450 imperii
1057 4369 1194 4432 docendo.
1240 4366 1335 4450 Xlll,
1359 4368 1402 4431 54

178 4478 351 4541 niinitrrudo
373 4478 436 4540 cim
458 4476 644 4540 Romanum
695 4475 783 4559 XIV,
806 4476 826 4539 3
846 4475 1068 4556 praesumendo
1090 4473 1226 4538 remedia
1248 4475 1404 4537 munierat

178 4605 294 4665 corpus.
332 4581 421 4665 XIV,
435 4582 479 4646 20
498 4585 663 4664 ppmnasia
683 4589 711 4647 et
728 4585 792 4648 otia
810 4588 838 4647 et
860 4587 961 4664 turpes
979 4601 1097 4644 amores
1119 4581 1289 4645 eumcendo.
1329 4580 1403 4643 hist.
