3330 5228
445 313 488 369 Da
506 314 718 386 participiorum
736 333 788 371 usu
806 314 977 371 attributivo.
1281 313 1323 378 49

102 481 170 562 tur,
198 501 294 562 quem
328 479 495 544 abstracta
526 501 603 544 usos
631 501 709 544 1111.
750 479 860 563 itaque
892 478 990 543 etiam
1019 481 1215 562 structurae,
1242 499 1324 561 quae

103 584 168 648 iam
192 586 419 670 explicabitur,
446 588 563 651 natura
585 585 663 670 fert,
685 589 721 651 ut
744 607 781 651 eo
806 586 875 650 solo
904 585 1035 668 linguae
1058 583 1195 648 Latinae
1218 583 1325 648 studio

103 691 327 778 perspiciatur,
350 692 524 758 secundum
544 692 630 776 quod
648 714 707 777 pro
727 691 913 757 notionibus
934 693 1003 758 sola
1022 690 1219 776 cogitatione
1243 689 1325 755 ortis

103 819 154 861 res
178 819 216 862 ex
239 799 310 884 ipsa
333 799 401 864 vita
426 799 547 884 petitae
575 802 785 883 usurpantur,
812 799 860 864 ita
884 798 1027 882 quidem,
1054 799 1091 862 ut
1112 819 1171 880 pro
1198 796 1245 860 rei
1270 795 1326 860 ali·

105 906 195 970 euius
219 906 375 990 qualitate
399 929 464 990 res,
493 906 584 972 cuius
608 906 747 991 qualitas
770 905 903 989 propria
925 909 984 989 est,
1007 905 1079 989 ipsa
1103 903 1327 968 substituatur.

104 1014 169 1078 iam
198 1012 284 1098 quod
316 1013 356 1078 ad
384 1013 450 1078 vim
482 1012 645 1078 idiomatis
677 1012 772 1078 istius
800 1011 953 1096 pertinet,
983 1011 1082 1077 robur
1110 1009 1265 1076 orationis
1294 1011 1327 1072 et

105 1121 249 1206 vigorem
277 1120 399 1204 optime
427 1142 465 1184 eo
489 1119 663 1185 sustentari
692 1119 801 1203 liquet.
842 1141 941 1203 quare
965 1140 1037 1183 cum
1066 1117 1196 1182 omnino
1219 1138 1327 1181 rerum

105 1229 269 1311 gestamm
311 1227 484 1310 scriptores
520 1226 611 1291 illam
648 1227 843 1290 structuram
886 1224 1135 1308 amplectantur,
1179 1223 1327 1308 inprimis

105 1333 235 1398 Tacitus
263 1355 330 1398 non
353 1333 449 1398 modo
473 1332 615 1417 saepius,
644 1332 700 1397 sed
728 1331 825 1397 etiam
848 1331 1016 1396 subtiliore
1046 1350 1143 1412 quam
1167 1328 1224 1393 alii
1245 1329 1327 1394 fece·

106 1443 181 1504 runt
212 1441 358 1505 acumine
384 1444 417 1505 et
450 1438 687 1504 admirabiliore
720 1438 882 1524 elegantia
909 1438 937 1501 ei
969 1435 1112 1501 indulsit.
1158 1435 1192 1499 in
1225 1457 1327 1500 exem·

107 1547 168 1630 plis
205 1550 313 1611 autern
345 1546 554 1630 disponendis
586 1546 868 1629 examinandisque
896 1548 1019 1609 certum
1052 1543 1212 1628 quendam
1245 1542 1328 1607 ordi·

107 1674 182 1717 nem
217 1653 387 1719 observare
423 1673 553 1718 necesse
590 1656 652 1732 est,
688 1656 725 1718 ut
759 1673 825 1717 non
863 1650 958 1716 modo
993 1649 1130 1735 singulis
1166 1650 1329 1716 idiomatis

107 1759 194 1824 illius
221 1759 393 1844 generibus
421 1760 593 1825 intellectis
616 1760 736 1826 idioma
758 1760 864 1843 ipsum
888 1757 1004 1822 clarius
1027 1757 1246 1842 intellegatur,
1274 1756 1329 1821 sed

107 1867 203 1932 etiem
228 1869 406 1932 structurae
431 1866 568 1932 historia
592 1871 779 1952 exponatur.
820 1866 867 1930 ita
892 1864 988 1929 simul
1011 1862 1194 1949 apparebit,
1218 1866 1329 1946 quate·

107 1968 175 2032 nus
199 1991 292 2036 usum
325 1973 418 2037 illum
451 1996 470 2038 a
503 1973 720 2058 superioribus
753 1971 964 2060 scriptoribus
991 1971 1057 2036 iam
1089 1970 1330 2056 frequentatum

107 2071 279 2142 Sallustius
312 2082 346 2143 et
371 2077 513 2145 Velleius
541 2084 574 2145 et
602 2079 734 2145 Tacitus
761 2078 925 2143 variarint.
971 2077 1006 2141 in
1038 2077 1223 2143 universum
1256 2097 1329 2140 eum

110 2181 253 2247 ordinem
286 2185 528 2252 observabimus
562 2208 656 2271 quem
689 2184 851 2258 Luebbert
878 2185 897 2248 l.
922 2183 943 2248 l.
975 2183 1130 2250 indicavit
1161 2187 1194 2249 et
1225 2183 1329 2267 primo

109 2289 238 2372 quidem
274 2292 345 2358 loco
378 2293 418 2358 de
451 2293 491 2357 iis
529 2294 682 2377 exemplis
716 2293 909 2358 disseremus
944 2311 1025 2375 quae
1061 2291 1266 2355 notissimum
1299 2292 1332 2354 et

110 2395 384 2480 simplicissimum
408 2399 534 2464 dicendi
558 2421 660 2485 genus
683 2421 762 2484 prae
781 2421 815 2464 se
833 2398 949 2463 ferunt.
972 2435 1016 2444 —·-
1039 2397 1088 2462 Ac
1111 2397 1332 2462 vetustissima

80 2501 211 2571 ,forma
239 2527 277 2570 ea
304 2527 373 2570 esse
407 2507 546 2591 videtur,
579 2528 661 2591 quae
688 2507 738 2590 fit,
767 2507 793 2570 si
822 2501 914 2570 notio
942 2505 1126 2589 praedicato
1159 2503 1330 2567 inhaerens

107 2610 209 2676 totius
243 2612 401 2678 enuntiati
433 2613 553 2679 rationi
580 2614 665 2679 inest
696 2636 799 2698 neque
827 2613 990 2678 difficilius
1019 2634 1058 2676 ex
1089 2612 1146 2677 illa
1178 2610 1332 2695 suppleri,

108 2738 204 2800 quam
227 2719 324 2802 plane
343 2720 452 2785 omitti
473 2724 589 2803 potest.
628 2721 713 2807 quod
736 2722 771 2786 in
788 2721 829 2786 iis
852 2719 1058 2804 potissimum
1078 2720 1231 2803 exemplis
1250 2718 1331 2782 acci-

108 2822 181 2888 dere
214 2826 311 2911 solet,
343 2827 398 2891 ubi
432 2828 577 2906 subiecto
611 2832 725 2912 suapte
757 2830 876 2892 natura
908 2827 1017 2911 alique
1043 2847 1116 2890 cum
1147 2823 1330 2908 praedicato

108 2933 290 2998 communio
318 2936 377 3000 est.
419 2935 474 2999 sed
498 2933 670 3000 admodum
698 2956 771 3000 raro
798 2934 880 2998 haec
906 2931 1025 3016 forma,
1058 2953 1154 3015 quam
1182 2930 1331 3013 inprimis

108 3034 405 3123 Livius·a1nploxus
429 3043 492 3124 est,
516 3041 599 3124 apud
619 3040 768 3106 Tacitum
791 3039 968 3122 invenitur,
992 3061 1065 3104 cum
1089 3061 1108 3102 a
1128 3035 1276 3104 Sallustii
1299 3039 1332 3100 et

108 3139 212 3207 Vellei
245 3145 372 3229 scriptis
404 3169 537 3230 prorsus
570 3148 676 3212 aliena
708 3147 760 3212 sit.
810 3146 849 3212 cf.
883 3167 956 3211 ann.
984 3143 1014 3229 I,
1042 3145 1084 3210 59
1115 3146 1206 3227 fama
1238 3144 1333 3210 dediti
1436 3177 1443 3184 ·

108 3245 288 3332 1111911111
305 3255 420 3337 excepti
437 3253 568 3336 cecata
585 3255 710 3336 culpata
733 3302 741 3319 .
760 3302 768 3318 .
787 3302 794 3317 .
814 3303 821 3317 .
843 3273 895 3335 spe
912 3252 958 3318 vel
976 3252 1077 3317 dolore
1094 3252 1252 3334 1111111111.
1288 3250 1332 3335 ll,

108 3355 151 3418 82
173 3356 258 3439 culpi
278 3379 430 3426 1111111111
452 3361 562 3426 audita
583 3381 667 3427 mors
689 3362 763 3426 adeo
788 3360 932 3424 incendit.
972 3359 1047 3423 hist.
1071 3357 1128 3441 IV,
1151 3357 1195 3422 54
1222 3359 1333 3422 audita

108 3481 190 3526 11111
210 3463 326 3530 Vitellii
344 3466 553 3548 duplicaverat
569 3466 687 3532 bellam
714 3503 748 3514 -
769 3465 950 3532 accuratius
969 3464 1133 3530 examines
1153 3485 1227 3544 ann,
1246 3463 1272 3548 I,
1289 3463 1331 3528 59

106 3567 196 3646 faura
218 3571 312 3637 dediti
338 3571 519 3656 bmr'qaaqae
540 3574 655 3656 eaoepta'
676 3572 807 3656 Sepesta's
828 3573 953 3655 culpata
976 3619 1062 3636 ....
1090 3591 1142 3652 spe
1163 3571 1210 3635 vel
1232 3570 1333 3635 dolore

107 3675 265 3757 maiar.
306 3679 342 3743 in
364 3678 427 3745 hoc
450 3680 535 3744 enim
559 3681 704 3765 exemplo
728 3679 864 3746 subiecti
888 3701 961 3744 curn
983 3678 1168 3763 praedicato
1193 3699 1332 3742 commu-

106 3782 162 3847 nio
181 3785 249 3847 tam
268 3788 339 3850 arta
358 3788 422 3869 est,
443 3786 576 3851 utillud
595 3787 663 3854 11111
682 3787 858 3853 offensione
878 3785 984 3852 omitti
1003 3787 1126 3870 posset,
1149 3807 1226 3850 nam
1243 3783 1332 3849 fama

107 3909 173 3953 non
200 3890 264 3955 nisi
292 3891 458 3976 divulgata
490 3915 581 3976 spem
608 3895 658 3960 vel
690 3894 833 3960 dolorem
862 3893 1057 3960 commoveri
1084 3914 1180 3976 posse
1213 3913 1270 3975 per
1298 3913 1331 3956 se

108 3997 206 4077 patet.
245 4018 303 4061 nec
326 3997 498 4063 dissimilia
522 4003 611 4084 suut,
635 4023 831 4086 quamquam
855 4021 913 4084 pro
934 3999 1136 4065 substantivo
1155 4019 1332 4082 pronomen

106 4102 251 4184 positum
271 4107 333 4170 est:
355 4127 429 4171 ann.
443 4104 473 4190 I,
491 4107 535 4171 24
553 4107 626 4173 llaec
643 4109 753 4174 audita
771 4157 846 4172 ....
868 4107 1025 4172 Taberiam
1044 4107 1210 4189 perpulere.
1241 4103 1271 4188 I,
1290 4103 1333 4168 52

107 4210 255 4274 caetrata
277 4231 314 4275 ea
338 4211 496 4278 Peteliam
519 4214 638 4280 laetitia
658 4235 792 4298 auroque
814 4214 947 4294 affecere.

197 4315 303 4382 Aliter
346 4339 397 4382 res
439 4341 508 4386 sese
549 4320 671 4406 habet,⁸
700 4322 726 4387 si
768 4321 860 4385 nulla
906 4319 1089 4400 communio
1133 4319 1219 4383 inter
1260 4317 1333 4382 sub·

108 4424 228 4488 iactum
268 4427 301 4488 et
344 4424 564 4509 praedicatum
604 4427 776 4493 intercedit
814 4427 875 4512 ita,
919 4432 956 4491 ut
998 4447 1066 4491 non
1105 4424 1201 4491 modo
1243 4424 1333 4489 notio

107 4531 285 4613 praedicati
307 4552 375 4596 non
397 4531 476 4597 insit
495 4533 656 4618 subiecto,
680 4534 736 4600 sed
753 4534 815 4599 hoc
835 4535 876 4599 ab
897 4534 955 4599 illo
975 4531 1154 4597 mutatione
1174 4530 1335 4616 significa-

106 4637 207 4702 tionis
240 4637 410 4704 afficiatur.
460 4639 545 4724 quod
580 4641 607 4704 11
641 4640 771 4725 accidit,
798 4639 955 4724 qualitas,
989 4661 1086 4724 quam
1113 4638 1334 4723 praedicatum

161 4751 247 4803 Humi,
262 4752 290 4792 dc
304 4751 476 4801 partlolpiorum
490 4764 539 4794 nan.
1105 4748 1122 4796 4
