3330 5228
276 310 319 373 40
792 321 800 334 '
816 308 907 377 Caput
925 307 957 362 ll.

276 493 405 538 maurum
436 474 525 554 copie
558 477 632 538 eret.
674 471 730 556 52,
758 472 779 536 3
811 472 930 554 copiam
957 472 1123 553 pupneude'
1153 473 1232 554 ficri.
1279 471 1381 555 61,4
1416 473 1506 552 copia
1629 534 1630 541 ,

276 580 422 661 selleeudi.
459 580 515 664 82,
540 581 556 642 1
582 579 721 644 omuibus
745 579 802 643 loee'
817 580 984 662 pupeeede'
1007 579 1126 660 copiam
1146 578 1233 659 fuat.
1270 577 1326 661 85,
1350 579 1370 643 6
1394 577 1507 642 nobili·

278 692 370 751 tatere
393 686 491 751 beare
513 687 681 751 inuadendi
702 706 852 767 quaerere.

366 792 426 856 His
451 793 606 877 exemplis
630 793 750 875 optime
780 792 1032 875 demonstratur,
1065 813 1161 876 quam
1190 791 1330 856 libenter
1353 788 1509 873 inprimis

280 899 412 964 Tacitus
445 899 480 964 in
512 921 572 962 usu
605 898 719 962 talium
758 898 1034 963 substantivorum
1067 919 1139 962 cunr
1173 897 1323 982 genetivo
1357 894 1509 981 gerundii

283 1006 578 1092 coniungendorum
603 1004 828 1089 amplificando
852 1007 999 1070 versatus
1024 1005 1075 1068 sit.

366 1114 437 1178 Iam
455 1135 545 1196 vero,
570 1112 625 1196 qui
643 1112 740 1196 paulo
761 1111 935 1176 studiosius
954 1112 989 1176 in
1009 1110 1266 1176 antecedentium
1285 1109 1511 1193 exemplorum

279 1221 344 1285 vim
374 1224 406 1283 et
428 1223 577 1284 naturam
607 1241 640 1282 se
668 1218 894 1301 insinuaverit,
925 1240 998 1282 eum
1026 1216 1276 1303 haudquaquam
1304 1217 1400 1281 huius
1429 1237 1508 1278 usus

279 1328 312 1390 id
336 1348 437 1411 genus
461 1326 573 1410 fugere
597 1324 719 1408 potuit,
742 1324 777 1387 in
801 1346 863 1408 quo
888 1325 1037 1408 genetivo
1058 1323 1206 1408 gerundii
1230 1323 1392 1388 obiectivo
1416 1322 1507 1385 addi·

279 1437 334 1498 tur
356 1432 525 1516 genetivus
545 1455 639 1516 quem
660 1432 771 1496 dieunt
793 1430 989 1496 subiectivus
1014 1430 1097 1494 sieut
1121 1429 1196 1494 Tae.
1219 1429 1293 1495 hist.
1311 1428 1341 1514 I,
1360 1430 1404 1492 22
1430 1428 1509 1494 oreo

282 1546 440 1621 tamquam
466 1541 583 1621 peritia
614 1545 643 1604 et
673 1540 792 1604 monitu
821 1538 961 1619 fetorum
981 1538 1145 1620 praedicta
1172 1536 1338 1618 aceepiebot
1367 1537 1512 1617 apertae

282 1648 398 1729 inperii
424 1646 555 1711 irenreut
586 1646 727 1711 libentius
759 1645 885 1710 obseura
918 1644 1064 1709 credendi.
1108 1641 1195 1706 Witt
1217 1643 1237 1705 l.
1260 1643 1280 1707 l.
1309 1642 1407 1706 etiam
1436 1642 1511 1707 Tae.

284 1775 356 1817 ann.
380 1751 451 1835 XV,
475 1752 516 1817 51
545 1753 608 1817 huc
637 1751 796 1835 pertinere
820 1753 942 1833 censet,
973 1771 1167 1834 quamquam
1195 1748 1364 1832 genetivus
1388 1747 1511 1814 Nero-

282 1859 343 1922 nis
366 1895 409 1904 -
437 1858 469 1922 id
494 1859 578 1941 quod
606 1859 712 1922 virum
741 1856 832 1921 illum
857 1855 1078 1922 doctissimum
1101 1855 1223 1938 fugisse
1252 1853 1379 1918 videtur
1405 1891 1443 1900 —
1470 1877 1511 1919 ne

285 1968 372 2029 caret
395 1965 523 2047 quidem
547 1964 635 2027 omni
659 1962 874 2046 dubitatione,
897 1966 947 2027 est
965 1962 1049 2026 enim
1070 1961 1212 2046 genuina
1234 1960 1330 2024 lectio
1349 1959 1513 2045 Neroni,

285 2092 382 2153 quam
405 2071 439 2136 in
461 2067 628 2134 Neronis
656 2073 781 2135 mutere
810 2091 876 2133 non
904 2068 1104 2153 intellegitur
1134 2089 1293 2151 europus
1322 2067 1372 2132 sit.
1414 2067 1513 2132 etiam

284 2176 382 2242 Halm
406 2177 514 2242 dativo
539 2177 769 2261 patrocinatur.

517 2387 561 2442 ΙΙ.
588 2387 632 2440 De
651 2386 791 2454 genetivo
810 2387 863 2453 qul
883 2385 1031 2454 dependet
1049 2385 1085 2441 de
1104 2385 1276 2443 etlectlvis.

376 2513 547 2578 Adiectiva
569 2514 632 2579 hue
656 2514 838 2598 spectantia
857 2536 876 2578 a
899 2513 1121 2598 grammaticis
1144 2496 1231 2578 baud
1255 2514 1392 2579 absurde
1415 2515 1515 2578 rela-

287 2621 368 2684 tiva
391 2620 551 2683 nominari
576 2619 688 2685 solent.
732 2641 928 2704 quamquam
952 2620 1037 2684 enim
1065 2643 1122 2704 per
1145 2643 1178 2684 se
1203 2625 1324 2688 certam
1351 2621 1514 2706 quandam

287 2726 453 2790 notionem
477 2725 623 2810 explent,
656 2731 764 2790 tamen
792 2726 827 2790 in
855 2726 941 2790 iusto
970 2727 1138 2790 enuntiato
1167 2726 1313 2791 adhiberi
1341 2731 1515 2811 nequeunt,

289 2833 352 2897 nisi
371 2853 421 2896 res
440 2833 582 2916 additur,
606 2833 762 2917 adquam
782 2834 872 2898 notio
893 2832 1041 2897 adiectivi
1062 2834 1208 2898 refertur.
1245 2834 1324 2898 haec
1348 2855 1400 2898 res
1420 2854 1516 2918 gene·

289 2941 357 3005 tivo
391 2961 468 3004 easu
507 2940 616 3004 utitur.
668 2940 724 3004 sed
754 2940 839 3023 quod
871 2939 956 3004 Witt
985 2962 1014 3022 p.
1038 2941 1080 3003 29
1110 2939 1255 3023 disputat
1285 2940 1403 3004 mirum
1437 2961 1516 3024 esse,

292 3068 348 3110 cur
376 3067 448 3110 cum
477 3068 554 3110 usus
584 3047 729 3130 gerundii
759 3046 968 3112 antecedente
999 3047 1201 3111 substantivo
1234 3046 1516 3131 frequentissimus

291 3153 349 3234 sit,
376 3152 522 3236 gerundii
548 3154 732 3236 anteposito
756 3153 915 3218 adieetivo
942 3155 1182 3239 angustissimis
1205 3155 1326 3220 finibus
1353 3156 1515 3220 continea-

291 3263 359 3341 tur,
384 3257 417 3321 id
437 3258 538 3322 cuivis
559 3260 728 3342 apparebit
751 3260 792 3324 ad
812 3259 961 3324 Tacitum
982 3261 1088 3325 minus
1113 3260 1305 3348 quadrareff)
1347 3264 1518 3328 intercedit

292 3365 378 3428 enim
400 3365 488 3428 inter
511 3364 658 3429 Tacitum
682 3369 866 3450 ceterosque
899 3368 1070 3452 scriptores
1100 3368 1132 3432 id
1160 3369 1366 3452 discriminis,
1394 3374 1432 3434 ut
1459 3371 1516 3434 ille

291 3491 461 3535 numerum
491 3470 733 3554 adiectivorum,
768 3495 848 3556 quae
875 3472 950 3538 huic
978 3475 1051 3539 usui
1080 3475 1274 3558 inserviunt,
1306 3475 1371 3539 late
1402 3477 1516 3560 ampli-

292 3577 398 3641 ficarit
421 3578 519 3643 etiam
542 3577 661 3641 talibus
686 3579 849 3643 adiectivis
878 3580 1041 3664 admissis,
1071 3603 1153 3666 quae
1182 3581 1355 3646 secundnm
1379 3583 1517 3664 primiti-

294 3705 367 3746 vam
391 3683 660 3766 significationem
680 3685 814 3748 relativa
831 3708 898 3750 non
918 3691 1002 3751 sunt.
1041 3709 1103 3770 quo
1127 3689 1178 3771 fit,
1201 3692 1239 3751 nt
1256 3689 1325 3752 iure
1344 3690 1517 3754 contendas

293 3787 399 3851 Taciti
416 3789 451 3851 in
471 3789 532 3854 hoc
551 3812 611 3854 usu
633 3791 820 3855 varietatem
835 3793 958 3857 nullum
979 3793 1078 3859 alium
1099 3795 1288 3879 scriptorem
1312 3794 1519 3879 adaequasse.

295 3892 466 3958 Sallustius
491 3898 523 3959 et
541 3895 684 3960 Velleius
708 3897 840 3962 modum
864 3921 883 3963 a
904 3900 1045 3965 classicis
1070 3900 1280 3983 scriptoribus
1303 3903 1517 3968 constitutum

294 4021 361 4064 non
384 4007 597 4066 excesserunt.
639 4007 781 4068 ceterum
804 4005 927 4087 optime
949 4006 1036 4071 hune
1058 4006 1092 4070 in
1115 4007 1247 4072 modum
1265 4007 1375 4072 Latini
1399 4031 1519 4074 sermo·

294 4103 345 4172 nis
375 4108 503 4191 inopiae
534 4111 671 4194 occurri,
701 4133 765 4196 qua
790 4112 917 4177 laborat
943 4113 984 4178 ob
1011 4113 1210 4178 deficientem
1236 4115 1425 4180 facultatem
1453 4139 1518 4181 uno

295 4213 454 4279 vocabulo
487 4216 567 4280 duas
601 4217 778 4282 sententias
811 4218 1023 4302 componendi
1054 4240 1112 4302 per
1148 4241 1182 4283 se
1213 4224 1314 4305 patet.
1360 4245 1519 4287 summam

296 4320 381 4404 apud
396 4319 537 4388 Graecos
555 4326 587 4388 et
602 4322 781 4389 Germanos
796 4325 1027 4388 abundantiam
1042 4346 1111 4390 esse
1126 4331 1263 4392 constat.
1288 4327 1520 4414 (lernbegierig

299 4464 336 4476 —
354 4425 601 4512 φιλομαθής-
619 4430 762 4495 discendi
777 4427 934 4514 cupidus.)
966 4431 1032 4496 iam
1047 4435 1194 4517 exempla
1212 4435 1284 4517 ipsa
1297 4457 1519 4500 enumeremus

370 4642 396 4706 1)
416 4638 455 4692 Cf.
476 4638 561 4693 etiam
579 4655 644 4710 pag.
665 4644 712 4708 tr,
732 4639 780 4694 ubi
797 4638 947 4710 gerundivi
966 4658 1030 4696 usus
1049 4644 1194 4700 tractatur.
