<?xml version="1.0" encoding="UTF-8"?>
<!DOCTYPE html PUBLIC "-//W3C//DTD XHTML 1.0 Transitional//EN"
    "http://www.w3.org/TR/xhtml1/DTD/xhtml1-transitional.dtd">
<html xmlns="http://www.w3.org/1999/xhtml" xml:lang="en" lang="en">
 <head>
  <title>
</title>
<meta http-equiv="Content-Type" content="text/html;charset=utf-8" />
  <meta name='ocr-system' content='tesseract 3.04.00' />
  <meta name='ocr-capabilities' content='ocr_page ocr_carea ocr_par ocr_line ocrx_word'/>
</head>
<body>
  <div class='ocr_page' id='page_1' title='image "./quaestionessynt00helmgoog_0141.png"; bbox 0 0 3300 5224; ppageno 0'>
   <div class='ocr_carea' id='block_1_1' title="bbox 592 336 1401 419">
    <p class='ocr_par' dir='ltr' id='par_1_1' title="bbox 592 336 1401 419">
     <span class='ocr_line' id='line_1_1' title="bbox 592 336 1401 419; baseline 0.016 -18"><span class='ocrx_word' id='word_1_1' title='bbox 592 336 600 347; x_wconf 48' lang='lat'>⁸</span> <span class='ocrx_word' id='word_1_2' title='bbox 651 349 799 419; x_wconf 83' lang='lat' dir='ltr'>Appendix</span> <span class='ocrx_word' id='word_1_3' title='bbox 818 351 924 404; x_wconf 87' lang='lat' dir='ltr'>critica.</span> <span class='ocrx_word' id='word_1_4' title='bbox 1339 351 1401 414; x_wconf 83' lang='lat'>133</span> 
     </span>
    </p>
   </div>
   <div class='ocr_carea' id='block_1_2' title="bbox 177 509 1406 918">
    <p class='ocr_par' dir='ltr' id='par_1_2' title="bbox 177 509 1406 918">
     <span class='ocr_line' id='line_1_2' title="bbox 178 509 1402 598; baseline 0.002 -22"><span class='ocrx_word' id='word_1_5' title='bbox 178 511 235 594; x_wconf 73' lang='lat'>25,</span> <span class='ocrx_word' id='word_1_6' title='bbox 259 509 304 598; x_wconf 87' lang='lat'>5).</span> <span class='ocrx_word' id='word_1_7' title='bbox 345 512 400 576; x_wconf 90' lang='lat' dir='ltr'>sed</span> <span class='ocrx_word' id='word_1_8' title='bbox 424 512 657 595; x_wconf 90' lang='lat' dir='ltr'>interpretandi</span> <span class='ocrx_word' id='word_1_9' title='bbox 680 513 808 597; x_wconf 90' lang='lat' dir='ltr'>modus,</span> <span class='ocrx_word' id='word_1_10' title='bbox 836 536 899 598; x_wconf 93' lang='lat' dir='ltr'>quo</span> <span class='ocrx_word' id='word_1_11' title='bbox 924 514 985 577; x_wconf 89' lang='lat' dir='ltr'>iste</span> <span class='ocrx_word' id='word_1_12' title='bbox 1009 536 1086 578; x_wconf 88' lang='lat' dir='ltr'>usus</span> <span class='ocrx_word' id='word_1_13' title='bbox 1110 522 1174 598; x_wconf 88' lang='lat' dir='ltr'>est,</span> <span class='ocrx_word' id='word_1_14' title='bbox 1198 515 1402 579; x_wconf 88' lang='lat' dir='ltr'>artificiosior</span> 
     </span>
     <span class='ocr_line' id='line_1_3' title="bbox 178 617 1403 705; baseline 0.003 -23"><span class='ocrx_word' id='word_1_15' title='bbox 178 619 340 682; x_wconf 87' lang='lat' dir='ltr'>videbitur</span> <span class='ocrx_word' id='word_1_16' title='bbox 363 621 396 682; x_wconf 88' lang='lat' dir='ltr'>et</span> <span class='ocrx_word' id='word_1_17' title='bbox 424 617 546 702; x_wconf 89' lang='lat' dir='ltr'>durior,</span> <span class='ocrx_word' id='word_1_18' title='bbox 576 643 673 704; x_wconf 90' lang='lat' dir='ltr'>quam</span> <span class='ocrx_word' id='word_1_19' title='bbox 700 624 737 684; x_wconf 93' lang='lat' dir='ltr'>ut</span> <span class='ocrx_word' id='word_1_20' title='bbox 765 621 913 705; x_wconf 79' lang='lat' dir='ltr'>cuiquam</span> <span class='ocrx_word' id='word_1_21' title='bbox 943 621 1131 705; x_wconf 81' lang='lat' dir='ltr'>persuaderi</span> <span class='ocrx_word' id='word_1_22' title='bbox 1152 623 1264 705; x_wconf 87' lang='lat' dir='ltr'>possit.</span> <span class='ocrx_word' id='word_1_23' title='bbox 1306 623 1403 686; x_wconf 88' lang='lat' dir='ltr'>inter-</span> 
     </span>
     <span class='ocr_line' id='line_1_4' title="bbox 178 725 1406 811; baseline 0.004 -23"><span class='ocrx_word' id='word_1_24' title='bbox 178 726 297 810; x_wconf 82' lang='lat' dir='ltr'>pungit</span> <span class='ocrx_word' id='word_1_25' title='bbox 329 725 430 789; x_wconf 86' lang='lat' dir='ltr'>enirn:</span> <span class='ocrx_word' id='word_1_26' title='bbox 466 747 597 790; x_wconf 82' lang='lat' dir='ltr'>verum</span> <span class='ocrx_word' id='word_1_27' title='bbox 628 727 724 793; x_wconf 90' lang='lat' dir='ltr'>haec</span> <span class='ocrx_word' id='word_1_28' title='bbox 756 727 869 792; x_wconf 90' lang='lat' dir='ltr'>nobis</span> <span class='ocrx_word' id='word_1_29' title='bbox 903 726 1082 811; x_wconf 71' lang='lat' dir='ltr'>maiores,</span> <span class='ocrx_word' id='word_1_30' title='bbox 1116 729 1330 792; x_wconf 88' lang='lat' dir='ltr'>certamina</span> <span class='ocrx_word' id='word_1_31' title='bbox 1363 751 1406 793; x_wconf 81' lang='lat' dir='ltr'>ex</span> 
     </span>
     <span class='ocr_line' id='line_1_5' title="bbox 177 833 1399 918; baseline 0.002 -21"><span class='ocrx_word' id='word_1_32' title='bbox 177 833 341 898; x_wconf 88' lang='lat' dir='ltr'>honesto</span> <span class='ocrx_word' id='word_1_33' title='bbox 366 837 556 898; x_wconf 89' lang='lat' dir='ltr'>maneant.</span> <span class='ocrx_word' id='word_1_34' title='bbox 598 856 680 918; x_wconf 90' lang='lat' dir='ltr'>quae</span> <span class='ocrx_word' id='word_1_35' title='bbox 708 834 807 899; x_wconf 84' lang='lat' dir='ltr'>verba</span> <span class='ocrx_word' id='word_1_36' title='bbox 830 834 1097 916; x_wconf 71' lang='lat' dir='ltr'>interpretatione</span> <span class='ocrx_word' id='word_1_37' title='bbox 1125 835 1268 898; x_wconf 90' lang='lat' dir='ltr'>illustrat</span> <span class='ocrx_word' id='word_1_38' title='bbox 1292 835 1399 899; x_wconf 82' lang='lat' dir='ltr'>admo-</span> 
     </span>
    </p>
   </div>
   <div class='ocr_carea' id='block_1_3' title="bbox 179 940 1505 1028">
    <p class='ocr_par' dir='ltr' id='par_1_3' title="bbox 179 940 1505 1028">
     <span class='ocr_line' id='line_1_6' title="bbox 179 940 1505 1028; baseline -0.003 -24"><span class='ocrx_word' id='word_1_39' title='bbox 179 941 255 1004; x_wconf 90' lang='lat' dir='ltr'>dum</span> <span class='ocrx_word' id='word_1_40' title='bbox 276 940 388 1005; x_wconf 89' lang='lat' dir='ltr'>audaci</span> <span class='ocrx_word' id='word_1_41' title='bbox 412 943 449 1004; x_wconf 89' lang='lat' dir='ltr'>ut</span> <span class='ocrx_word' id='word_1_42' title='bbox 467 941 561 1006; x_wconf 87' lang='lat' dir='ltr'>nobis</span> <span class='ocrx_word' id='word_1_43' title='bbox 580 942 715 1006; x_wconf 86' lang='lat' dir='ltr'>videtur.</span> <span class='ocrx_word' id='word_1_44' title='bbox 753 940 832 1004; x_wconf 90' lang='lat' dir='ltr'>dicit</span> <span class='ocrx_word' id='word_1_45' title='bbox 850 941 935 1004; x_wconf 90' lang='lat' dir='ltr'>enim</span> <span class='ocrx_word' id='word_1_46' title='bbox 954 940 1043 1006; x_wconf 86' lang='lat' dir='ltr'>Roth</span> <span class='ocrx_word' id='word_1_47' title='bbox 1064 944 1220 1026; x_wconf 90' lang='lat' dir='ltr'>tanquam</span> <span class='ocrx_word' id='word_1_48' title='bbox 1243 965 1276 1006; x_wconf 92' lang='lat' dir='ltr'>se</span> <span class='ocrx_word' id='word_1_49' title='bbox 1300 942 1405 1028; x_wconf 86' lang='lat' dir='ltr'>ipsum</span> <span class='ocrx_word' id='word_1_50' title='bbox 1501 993 1505 1000; x_wconf 93' lang='lat'><em>.</em></span> 
     </span>
    </p>
   </div>
   <div class='ocr_carea' id='block_1_4' title="bbox 120 1047 1489 4768">
    <p class='ocr_par' dir='ltr' id='par_1_4' title="bbox 120 1047 1489 4562">
     <span class='ocr_line' id='line_1_7' title="bbox 179 1047 1405 1133; baseline 0.001 -21"><span class='ocrx_word' id='word_1_51' title='bbox 179 1048 395 1132; x_wconf 84' lang='lat' dir='ltr'>corrigentem</span> <span class='ocrx_word' id='word_1_52' title='bbox 415 1047 563 1112; x_wconf 86' lang='lat' dir='ltr'>Tacitum</span> <span class='ocrx_word' id='word_1_53' title='bbox 583 1051 686 1115; x_wconf 88' lang='lat' dir='ltr'>redire</span> <span class='ocrx_word' id='word_1_54' title='bbox 706 1048 746 1114; x_wconf 90' lang='lat' dir='ltr'>ad</span> <span class='ocrx_word' id='word_1_55' title='bbox 765 1071 836 1112; x_wconf 90' lang='lat' dir='ltr'>eam</span> <span class='ocrx_word' id='word_1_56' title='bbox 856 1049 1012 1112; x_wconf 88' lang='lat' dir='ltr'>orationis</span> <span class='ocrx_word' id='word_1_57' title='bbox 1031 1051 1170 1131; x_wconf 88' lang='lat' dir='ltr'>partem,</span> <span class='ocrx_word' id='word_1_58' title='bbox 1195 1071 1276 1133; x_wconf 89' lang='lat' dir='ltr'>quae</span> <span class='ocrx_word' id='word_1_59' title='bbox 1299 1049 1405 1115; x_wconf 86' lang='lat' dir='ltr'>verbis</span> 
     </span>
     <span class='ocr_line' id='line_1_8' title="bbox 179 1155 1405 1238; baseline 0.002 -21"><span class='ocrx_word' id='word_1_60' title='bbox 179 1155 279 1218; x_wconf 84' lang='lat' dir='ltr'>dites</span> <span class='ocrx_word' id='word_1_61' title='bbox 304 1155 395 1218; x_wconf 92' lang='lat' dir='ltr'>olim</span> <span class='ocrx_word' id='word_1_62' title='bbox 423 1156 555 1238; x_wconf 87' lang='lat' dir='ltr'>incepta</span> <span class='ocrx_word' id='word_1_63' title='bbox 582 1159 615 1219; x_wconf 89' lang='lat' dir='ltr'>et</span> <span class='ocrx_word' id='word_1_64' title='bbox 637 1156 743 1220; x_wconf 86' lang='lat' dir='ltr'>verbis</span> <span class='ocrx_word' id='word_1_65' title='bbox 773 1155 837 1218; x_wconf 90' lang='lat' dir='ltr'>sed</span> <span class='ocrx_word' id='word_1_66' title='bbox 865 1155 1100 1238; x_wconf 85' lang='lat' dir='ltr'>praecipuus</span> <span class='ocrx_word' id='word_1_67' title='bbox 1124 1155 1306 1220; x_wconf 82' lang='lat' dir='ltr'>adstricti</span> <span class='ocrx_word' id='word_1_68' title='bbox 1329 1179 1405 1221; x_wconf 92' lang='lat' dir='ltr'>mo-</span> 
     </span>
     <span class='ocr_line' id='line_1_9' title="bbox 179 1261 1489 1348; baseline 0.003 -24"><span class='ocrx_word' id='word_1_69' title='bbox 179 1261 236 1325; x_wconf 90' lang='lat' dir='ltr'>ris</span> <span class='ocrx_word' id='word_1_70' title='bbox 270 1265 405 1326; x_wconf 88' lang='lat' dir='ltr'>auctor</span> <span class='ocrx_word' id='word_1_71' title='bbox 436 1263 618 1347; x_wconf 87' lang='lat' dir='ltr'>interrupta</span> <span class='ocrx_word' id='word_1_72' title='bbox 647 1264 704 1346; x_wconf 90' lang='lat' dir='ltr'>sit,</span> <span class='ocrx_word' id='word_1_73' title='bbox 736 1263 770 1327; x_wconf 93' lang='lat' dir='ltr'>id</span> <span class='ocrx_word' id='word_1_74' title='bbox 804 1262 889 1348; x_wconf 91' lang='lat' dir='ltr'>quod</span> <span class='ocrx_word' id='word_1_75' title='bbox 920 1263 979 1326; x_wconf 85' lang='lat' dir='ltr'>fiat</span> <span class='ocrx_word' id='word_1_76' title='bbox 1011 1261 1118 1327; x_wconf 84' lang='lat' dir='ltr'>verbis</span> <span class='ocrx_word' id='word_1_77' title='bbox 1152 1283 1280 1327; x_wconf 82' lang='lat' dir='ltr'>verum</span> <span class='ocrx_word' id='word_1_78' title='bbox 1312 1263 1405 1328; x_wconf 88' lang='lat' dir='ltr'>haec</span> <span class='ocrx_word' id='word_1_79' title='bbox 1485 1277 1489 1285; x_wconf 87' lang='lat'>&#39;</span> 
     </span>
     <span class='ocr_line' id='line_1_10' title="bbox 180 1368 1407 1455; baseline 0.002 -24"><span class='ocrx_word' id='word_1_80' title='bbox 180 1368 293 1432; x_wconf 89' lang='lat' dir='ltr'>nobis</span> <span class='ocrx_word' id='word_1_81' title='bbox 322 1391 377 1452; x_wconf 93' lang='lat' dir='ltr'>qu.</span> <span class='ocrx_word' id='word_1_82' title='bbox 402 1391 478 1453; x_wconf 90' lang='lat' dir='ltr'>squ.</span> <span class='ocrx_word' id='word_1_83' title='bbox 512 1391 593 1453; x_wconf 92' lang='lat' dir='ltr'>quae</span> <span class='ocrx_word' id='word_1_84' title='bbox 623 1371 705 1435; x_wconf 89' lang='lat' dir='ltr'>nihil</span> <span class='ocrx_word' id='word_1_85' title='bbox 734 1371 820 1435; x_wconf 92' lang='lat' dir='ltr'>aliud</span> <span class='ocrx_word' id='word_1_86' title='bbox 848 1370 1042 1454; x_wconf 84' lang='lat' dir='ltr'>significent,</span> <span class='ocrx_word' id='word_1_87' title='bbox 1071 1393 1181 1454; x_wconf 90' lang='lat' dir='ltr'>quam:</span> <span class='ocrx_word' id='word_1_88' title='bbox 1214 1370 1293 1434; x_wconf 90' lang='lat' dir='ltr'>haec</span> <span class='ocrx_word' id='word_1_89' title='bbox 1322 1375 1407 1455; x_wconf 85' lang='lat' dir='ltr'>sunt,</span> 
     </span>
     <span class='ocr_line' id='line_1_11' title="bbox 181 1474 1404 1562; baseline 0.002 -23"><span class='ocrx_word' id='word_1_90' title='bbox 181 1497 262 1560; x_wconf 89' lang='lat' dir='ltr'>quae</span> <span class='ocrx_word' id='word_1_91' title='bbox 286 1475 424 1540; x_wconf 88' lang='lat' dir='ltr'>maiores</span> <span class='ocrx_word' id='word_1_92' title='bbox 444 1474 482 1539; x_wconf 94' lang='lat' dir='ltr'>de</span> <span class='ocrx_word' id='word_1_93' title='bbox 501 1499 628 1542; x_wconf 89' lang='lat' dir='ltr'>morum</span> <span class='ocrx_word' id='word_1_94' title='bbox 647 1478 827 1542; x_wconf 84' lang='lat' dir='ltr'>mutatione</span> <span class='ocrx_word' id='word_1_95' title='bbox 847 1477 1019 1541; x_wconf 88' lang='lat' dir='ltr'>memoriae</span> <span class='ocrx_word' id='word_1_96' title='bbox 1041 1476 1265 1561; x_wconf 91' lang='lat' dir='ltr'>prodiderunt,</span> <span class='ocrx_word' id='word_1_97' title='bbox 1289 1478 1404 1562; x_wconf 89' lang='lat' dir='ltr'>quibus</span> 
     </span>
     <span class='ocr_line' id='line_1_12' title="bbox 180 1579 1406 1670; baseline 0.002 -25"><span class='ocrx_word' id='word_1_98' title='bbox 180 1580 239 1667; x_wconf 87' lang='lat' dir='ltr'>(ec.</span> <span class='ocrx_word' id='word_1_99' title='bbox 263 1579 384 1668; x_wconf 80' lang='lat' dir='ltr'>verbis)</span> <span class='ocrx_word' id='word_1_100' title='bbox 414 1584 562 1666; x_wconf 84' lang='lat' dir='ltr'>quaestio</span> <span class='ocrx_word' id='word_1_101' title='bbox 590 1587 755 1668; x_wconf 89' lang='lat' dir='ltr'>persoluta</span> <span class='ocrx_word' id='word_1_102' title='bbox 779 1587 841 1667; x_wconf 88' lang='lat' dir='ltr'>est,</span> <span class='ocrx_word' id='word_1_103' title='bbox 871 1583 927 1648; x_wconf 91' lang='lat' dir='ltr'>sed</span> <span class='ocrx_word' id='word_1_104' title='bbox 951 1605 1115 1668; x_wconf 85' lang='lat' dir='ltr'>speremus</span> <span class='ocrx_word' id='word_1_105' title='bbox 1140 1584 1223 1670; x_wconf 80' lang='lat' dir='ltr'>fore,</span> <span class='ocrx_word' id='word_1_106' title='bbox 1246 1587 1283 1648; x_wconf 91' lang='lat' dir='ltr'>ut</span> <span class='ocrx_word' id='word_1_107' title='bbox 1306 1588 1406 1649; x_wconf 91' lang='lat' dir='ltr'>certa-</span> 
     </span>
     <span class='ocr_line' id='line_1_13' title="bbox 179 1689 1406 1775; baseline 0.003 -23"><span class='ocrx_word' id='word_1_108' title='bbox 179 1689 268 1752; x_wconf 87' lang='lat' dir='ltr'>mina</span> <span class='ocrx_word' id='word_1_109' title='bbox 290 1689 430 1754; x_wconf 89' lang='lat' dir='ltr'>honesta</span> <span class='ocrx_word' id='word_1_110' title='bbox 458 1695 678 1774; x_wconf 87' lang='lat' dir='ltr'>permaneant.</span> <span class='ocrx_word' id='word_1_111' title='bbox 716 1690 954 1775; x_wconf 86' lang='lat' dir='ltr'>oppositionem</span> <span class='ocrx_word' id='word_1_112' title='bbox 986 1691 1149 1774; x_wconf 90' lang='lat' dir='ltr'>quandam</span> <span class='ocrx_word' id='word_1_113' title='bbox 1179 1713 1249 1756; x_wconf 88' lang='lat' dir='ltr'>esse</span> <span class='ocrx_word' id='word_1_114' title='bbox 1278 1692 1327 1756; x_wconf 85' lang='lat' dir='ltr'>vir</span> <span class='ocrx_word' id='word_1_115' title='bbox 1350 1692 1406 1756; x_wconf 92' lang='lat' dir='ltr'>ille</span> 
     </span>
     <span class='ocr_line' id='line_1_14' title="bbox 178 1796 1408 1881; baseline 0.003 -21"><span class='ocrx_word' id='word_1_116' title='bbox 178 1796 292 1860; x_wconf 89' lang='lat' dir='ltr'>doctus</span> <span class='ocrx_word' id='word_1_117' title='bbox 312 1796 488 1881; x_wconf 87' lang='lat' dir='ltr'>contendit,</span> <span class='ocrx_word' id='word_1_118' title='bbox 506 1819 589 1881; x_wconf 88' lang='lat' dir='ltr'>quae</span> <span class='ocrx_word' id='word_1_119' title='bbox 607 1798 786 1864; x_wconf 87' lang='lat' dir='ltr'>intercedat</span> <span class='ocrx_word' id='word_1_120' title='bbox 804 1799 889 1862; x_wconf 90' lang='lat' dir='ltr'>inter</span> <span class='ocrx_word' id='word_1_121' title='bbox 903 1819 1015 1863; x_wconf 79' lang='lat' dir='ltr'>vocem</span> <span class='ocrx_word' id='word_1_122' title='bbox 1035 1803 1218 1863; x_wconf 90' lang='lat' dir='ltr'>maneant</span> <span class='ocrx_word' id='word_1_123' title='bbox 1237 1803 1270 1863; x_wconf 91' lang='lat' dir='ltr'>et</span> <span class='ocrx_word' id='word_1_124' title='bbox 1288 1801 1408 1865; x_wconf 91' lang='lat' dir='ltr'>maio·</span> 
     </span>
     <span class='ocr_line' id='line_1_15' title="bbox 178 1903 1408 1990; baseline 0.003 -24"><span class='ocrx_word' id='word_1_125' title='bbox 178 1925 254 1986; x_wconf 89' lang='lat' dir='ltr'>res,</span> <span class='ocrx_word' id='word_1_126' title='bbox 287 1903 405 1989; x_wconf 91' lang='lat' dir='ltr'>quippe</span> <span class='ocrx_word' id='word_1_127' title='bbox 434 1904 485 1968; x_wconf 91' lang='lat' dir='ltr'>cui</span> <span class='ocrx_word' id='word_1_128' title='bbox 512 1905 590 1970; x_wconf 89' lang='lat' dir='ltr'>insit</span> <span class='ocrx_word' id='word_1_129' title='bbox 617 1907 708 1970; x_wconf 91' lang='lat' dir='ltr'>notio</span> <span class='ocrx_word' id='word_1_130' title='bbox 735 1906 910 1990; x_wconf 87' lang='lat' dir='ltr'>praeteriti.</span> <span class='ocrx_word' id='word_1_131' title='bbox 957 1905 1012 1969; x_wconf 88' lang='lat' dir='ltr'>scd</span> <span class='ocrx_word' id='word_1_132' title='bbox 1041 1908 1154 1970; x_wconf 90' lang='lat' dir='ltr'>contra</span> <span class='ocrx_word' id='word_1_133' title='bbox 1176 1906 1268 1987; x_wconf 24' lang='lat' dir='ltr'>,hanc</span> <span class='ocrx_word' id='word_1_134' title='bbox 1296 1905 1408 1970; x_wconf 91' lang='lat' dir='ltr'>Rothii</span> 
     </span>
     <span class='ocr_line' id='line_1_16' title="bbox 180 2011 1407 2096; baseline 0.001 -21"><span class='ocrx_word' id='word_1_135' title='bbox 180 2011 389 2093; x_wconf 89' lang='lat' dir='ltr'>sententiam,</span> <span class='ocrx_word' id='word_1_136' title='bbox 419 2031 436 2073; x_wconf 99' lang='lat' dir='ltr'>e</span> <span class='ocrx_word' id='word_1_137' title='bbox 460 2032 522 2093; x_wconf 88' lang='lat' dir='ltr'>qua</span> <span class='ocrx_word' id='word_1_138' title='bbox 546 2013 708 2096; x_wconf 90' lang='lat' dir='ltr'>oppositio</span> <span class='ocrx_word' id='word_1_139' title='bbox 739 2013 896 2096; x_wconf 87' lang='lat' dir='ltr'>quaedam</span> <span class='ocrx_word' id='word_1_140' title='bbox 923 2012 1103 2077; x_wconf 88' lang='lat' dir='ltr'>intercedat</span> <span class='ocrx_word' id='word_1_141' title='bbox 1128 2014 1215 2076; x_wconf 89' lang='lat' dir='ltr'>inter</span> <span class='ocrx_word' id='word_1_142' title='bbox 1239 2013 1407 2078; x_wconf 87' lang='lat' dir='ltr'>maiores</span> 
     </span>
     <span class='ocr_line' id='line_1_17' title="bbox 179 2119 1406 2202; baseline 0.002 -20"><span class='ocrx_word' id='word_1_143' title='bbox 179 2139 290 2182; x_wconf 85' lang='lat' dir='ltr'>vocem</span> <span class='ocrx_word' id='word_1_144' title='bbox 314 2120 347 2180; x_wconf 92' lang='lat' dir='ltr'>et</span> <span class='ocrx_word' id='word_1_145' title='bbox 369 2122 552 2182; x_wconf 88' lang='lat' dir='ltr'>maneant</span> <span class='ocrx_word' id='word_1_146' title='bbox 581 2141 739 2202; x_wconf 86' lang='lat' dir='ltr'>veremur,</span> <span class='ocrx_word' id='word_1_147' title='bbox 770 2141 810 2182; x_wconf 91' lang='lat' dir='ltr'>ne</span> <span class='ocrx_word' id='word_1_148' title='bbox 835 2119 961 2184; x_wconf 92' lang='lat' dir='ltr'>dicatur</span> <span class='ocrx_word' id='word_1_149' title='bbox 988 2141 1053 2182; x_wconf 89' lang='lat' dir='ltr'>non</span> <span class='ocrx_word' id='word_1_150' title='bbox 1083 2141 1152 2184; x_wconf 87' lang='lat' dir='ltr'>esse</span> <span class='ocrx_word' id='word_1_151' title='bbox 1177 2121 1225 2184; x_wconf 90' lang='lat' dir='ltr'>sui</span> <span class='ocrx_word' id='word_1_152' title='bbox 1253 2121 1317 2184; x_wconf 91' lang='lat' dir='ltr'>loci</span> <span class='ocrx_word' id='word_1_153' title='bbox 1340 2142 1406 2184; x_wconf 86' lang='lat' dir='ltr'>ver-</span> 
     </span>
     <span class='ocr_line' id='line_1_18' title="bbox 179 2224 1406 2310; baseline 0.002 -22"><span class='ocrx_word' id='word_1_154' title='bbox 179 2225 258 2288; x_wconf 92' lang='lat' dir='ltr'>bum</span> <span class='ocrx_word' id='word_1_155' title='bbox 281 2226 476 2307; x_wconf 90' lang='lat' dir='ltr'>maneant,</span> <span class='ocrx_word' id='word_1_156' title='bbox 499 2225 554 2288; x_wconf 90' lang='lat' dir='ltr'>sed</span> <span class='ocrx_word' id='word_1_157' title='bbox 577 2245 635 2308; x_wconf 90' lang='lat' dir='ltr'>per</span> <span class='ocrx_word' id='word_1_158' title='bbox 658 2225 827 2309; x_wconf 87' lang='lat' dir='ltr'>emphasin</span> <span class='ocrx_word' id='word_1_159' title='bbox 847 2224 1082 2310; x_wconf 88' lang='lat' dir='ltr'>quodammodo</span> <span class='ocrx_word' id='word_1_160' title='bbox 1108 2230 1183 2289; x_wconf 91' lang='lat' dir='ltr'>ante</span> <span class='ocrx_word' id='word_1_161' title='bbox 1203 2226 1406 2291; x_wconf 89' lang='lat' dir='ltr'>enuntiatum</span> 
     </span>
     <span class='ocr_line' id='line_1_19' title="bbox 179 2331 1408 2416; baseline 0.003 -21"><span class='ocrx_word' id='word_1_162' title='bbox 179 2353 249 2395; x_wconf 89' lang='lat' dir='ltr'>esse</span> <span class='ocrx_word' id='word_1_163' title='bbox 268 2331 466 2414; x_wconf 88' lang='lat' dir='ltr'>ponendum:</span> <span class='ocrx_word' id='word_1_164' title='bbox 490 2353 619 2396; x_wconf 85' lang='lat' dir='ltr'>verum</span> <span class='ocrx_word' id='word_1_165' title='bbox 637 2333 731 2396; x_wconf 88' lang='lat' dir='ltr'>haec</span> <span class='ocrx_word' id='word_1_166' title='bbox 749 2332 862 2397; x_wconf 90' lang='lat' dir='ltr'>nobis</span> <span class='ocrx_word' id='word_1_167' title='bbox 882 2332 1064 2416; x_wconf 70' lang='lat' dir='ltr'>maiores,</span> <span class='ocrx_word' id='word_1_168' title='bbox 1089 2337 1266 2404; x_wconf 84' lang='lat' dir='ltr'>maneant</span> <span class='ocrx_word' id='word_1_169' title='bbox 1285 2338 1408 2399; x_wconf 88' lang='lat' dir='ltr'>certa·</span> 
     </span>
     <span class='ocr_line' id='line_1_20' title="bbox 179 2438 1408 2521; baseline 0.002 -19"><span class='ocrx_word' id='word_1_170' title='bbox 179 2439 281 2502; x_wconf 87' lang='lat' dir='ltr'>mina</span> <span class='ocrx_word' id='word_1_171' title='bbox 304 2459 348 2502; x_wconf 90' lang='lat' dir='ltr'>ex</span> <span class='ocrx_word' id='word_1_172' title='bbox 370 2438 545 2503; x_wconf 86' lang='lat' dir='ltr'>honesto.</span> <span class='ocrx_word' id='word_1_173' title='bbox 586 2461 662 2502; x_wconf 90' lang='lat' dir='ltr'>nam</span> <span class='ocrx_word' id='word_1_174' title='bbox 688 2439 783 2502; x_wconf 87' lang='lat' dir='ltr'>verbo</span> <span class='ocrx_word' id='word_1_175' title='bbox 813 2443 997 2502; x_wconf 88' lang='lat' dir='ltr'>maneant</span> <span class='ocrx_word' id='word_1_176' title='bbox 1024 2443 1101 2521; x_wconf 89' lang='lat' dir='ltr'>post</span> <span class='ocrx_word' id='word_1_177' title='bbox 1127 2443 1233 2503; x_wconf 89' lang='lat' dir='ltr'>totum</span> <span class='ocrx_word' id='word_1_178' title='bbox 1262 2442 1408 2506; x_wconf 88' lang='lat' dir='ltr'>enuntia-</span> 
     </span>
     <span class='ocr_line' id='line_1_21' title="bbox 179 2544 1408 2631; baseline 0.002 -21"><span class='ocrx_word' id='word_1_179' title='bbox 179 2550 250 2610; x_wconf 90' lang='lat' dir='ltr'>tum</span> <span class='ocrx_word' id='word_1_180' title='bbox 264 2545 371 2628; x_wconf 89' lang='lat' dir='ltr'>posito</span> <span class='ocrx_word' id='word_1_181' title='bbox 386 2566 453 2609; x_wconf 90' lang='lat' dir='ltr'>non</span> <span class='ocrx_word' id='word_1_182' title='bbox 468 2545 572 2609; x_wconf 88' lang='lat' dir='ltr'>inesse</span> <span class='ocrx_word' id='word_1_183' title='bbox 586 2544 677 2609; x_wconf 90' lang='lat' dir='ltr'>illam</span> <span class='ocrx_word' id='word_1_184' title='bbox 693 2546 757 2609; x_wconf 86' lang='lat' dir='ltr'>vim</span> <span class='ocrx_word' id='word_1_185' title='bbox 774 2567 871 2629; x_wconf 89' lang='lat' dir='ltr'>quam</span> <span class='ocrx_word' id='word_1_186' title='bbox 885 2544 972 2609; x_wconf 86' lang='lat' dir='ltr'>Roth</span> <span class='ocrx_word' id='word_1_187' title='bbox 987 2545 1066 2609; x_wconf 86' lang='lat' dir='ltr'>velit</span> <span class='ocrx_word' id='word_1_188' title='bbox 1081 2545 1202 2631; x_wconf 88' lang='lat' dir='ltr'>liquido</span> <span class='ocrx_word' id='word_1_189' title='bbox 1217 2550 1317 2629; x_wconf 88' lang='lat' dir='ltr'>patet.</span> <span class='ocrx_word' id='word_1_190' title='bbox 1344 2549 1408 2612; x_wconf 92' lang='lat' dir='ltr'>huc</span> 
     </span>
     <span class='ocr_line' id='line_1_22' title="bbox 181 2650 1409 2737; baseline 0.002 -21"><span class='ocrx_word' id='word_1_191' title='bbox 181 2652 318 2735; x_wconf 90' lang='lat' dir='ltr'>accedit,</span> <span class='ocrx_word' id='word_1_192' title='bbox 355 2652 441 2736; x_wconf 92' lang='lat' dir='ltr'>quod</span> <span class='ocrx_word' id='word_1_193' title='bbox 473 2653 524 2714; x_wconf 87' lang='lat' dir='ltr'>vel</span> <span class='ocrx_word' id='word_1_194' title='bbox 556 2674 575 2714; x_wconf 91' lang='lat' dir='ltr'>a</span> <span class='ocrx_word' id='word_1_195' title='bbox 610 2650 716 2715; x_wconf 86' lang='lat' dir='ltr'>Taciti</span> <span class='ocrx_word' id='word_1_196' title='bbox 748 2651 902 2735; x_wconf 90' lang='lat' dir='ltr'>loquendi</span> <span class='ocrx_word' id='word_1_197' title='bbox 935 2673 996 2715; x_wconf 88' lang='lat' dir='ltr'>usu</span> <span class='ocrx_word' id='word_1_198' title='bbox 1029 2653 1182 2718; x_wconf 86' lang='lat' dir='ltr'>abhorret</span> <span class='ocrx_word' id='word_1_199' title='bbox 1216 2676 1321 2737; x_wconf 89' lang='lat' dir='ltr'>pauca</span> <span class='ocrx_word' id='word_1_200' title='bbox 1353 2656 1409 2720; x_wconf 88' lang='lat' dir='ltr'>illa</span> 
     </span>
     <span class='ocr_line' id='line_1_23' title="bbox 181 2758 1408 2846; baseline 0.004 -24"><span class='ocrx_word' id='word_1_201' title='bbox 181 2760 280 2823; x_wconf 89' lang='lat' dir='ltr'>verba</span> <span class='ocrx_word' id='word_1_202' title='bbox 304 2759 484 2822; x_wconf 87' lang='lat' dir='ltr'>discernere</span> <span class='ocrx_word' id='word_1_203' title='bbox 512 2758 547 2821; x_wconf 94' lang='lat' dir='ltr'>in</span> <span class='ocrx_word' id='word_1_204' title='bbox 571 2759 634 2823; x_wconf 92' lang='lat' dir='ltr'>duo</span> <span class='ocrx_word' id='word_1_205' title='bbox 658 2760 826 2823; x_wconf 89' lang='lat' dir='ltr'>enuntiata</span> <span class='ocrx_word' id='word_1_206' title='bbox 848 2763 916 2822; x_wconf 91' lang='lat' dir='ltr'>tam</span> <span class='ocrx_word' id='word_1_207' title='bbox 941 2782 1053 2843; x_wconf 89' lang='lat' dir='ltr'>aspere</span> <span class='ocrx_word' id='word_1_208' title='bbox 1081 2761 1167 2825; x_wconf 90' lang='lat' dir='ltr'>inter</span> <span class='ocrx_word' id='word_1_209' title='bbox 1190 2783 1223 2825; x_wconf 87' lang='lat' dir='ltr'>se</span> <span class='ocrx_word' id='word_1_210' title='bbox 1248 2763 1408 2846; x_wconf 90' lang='lat' dir='ltr'>opposita.</span> 
     </span>
     <span class='ocr_line' id='line_1_24' title="bbox 181 2865 1459 2951; baseline 0.003 -21"><span class='ocrx_word' id='word_1_211' title='bbox 181 2865 302 2930; x_wconf 91' lang='lat' dir='ltr'>corruit</span> <span class='ocrx_word' id='word_1_212' title='bbox 337 2865 438 2950; x_wconf 83' lang='lat' dir='ltr'>igitur</span> <span class='ocrx_word' id='word_1_213' title='bbox 469 2865 582 2930; x_wconf 91' lang='lat' dir='ltr'>Rothii</span> <span class='ocrx_word' id='word_1_214' title='bbox 615 2865 788 2950; x_wconf 89' lang='lat' dir='ltr'>sententia,</span> <span class='ocrx_word' id='word_1_215' title='bbox 827 2887 1022 2951; x_wconf 86' lang='lat' dir='ltr'>quamquam</span> <span class='ocrx_word' id='word_1_216' title='bbox 1053 2867 1160 2931; x_wconf 85' lang='lat' dir='ltr'>verbis</span> <span class='ocrx_word' id='word_1_217' title='bbox 1193 2869 1269 2933; x_wconf 92' lang='lat' dir='ltr'>nisi</span> <span class='ocrx_word' id='word_1_218' title='bbox 1308 2869 1408 2934; x_wconf 85' lang='lat' dir='ltr'>forte</span> <span class='ocrx_word' id='word_1_219' title='bbox 1457 2897 1459 2899; x_wconf 92' lang='lat'>·</span> 
     </span>
     <span class='ocr_line' id='line_1_25' title="bbox 182 2971 1408 3060; baseline 0.003 -24"><span class='ocrx_word' id='word_1_220' title='bbox 182 2994 254 3036; x_wconf 90' lang='lat' dir='ltr'>eam</span> <span class='ocrx_word' id='word_1_221' title='bbox 278 2971 433 3037; x_wconf 88' lang='lat' dir='ltr'>orationis</span> <span class='ocrx_word' id='word_1_222' title='bbox 458 2975 597 3056; x_wconf 89' lang='lat' dir='ltr'>partem,</span> <span class='ocrx_word' id='word_1_223' title='bbox 621 2993 702 3056; x_wconf 89' lang='lat' dir='ltr'>quae</span> <span class='ocrx_word' id='word_1_224' title='bbox 725 2995 852 3037; x_wconf 89' lang='lat' dir='ltr'>morum</span> <span class='ocrx_word' id='word_1_225' title='bbox 877 2974 1088 3038; x_wconf 87' lang='lat' dir='ltr'>mutationem</span> <span class='ocrx_word' id='word_1_226' title='bbox 1112 2975 1285 3060; x_wconf 88' lang='lat' dir='ltr'>describat,</span> <span class='ocrx_word' id='word_1_227' title='bbox 1310 2977 1408 3041; x_wconf 90' lang='lat' dir='ltr'>inter·</span> 
     </span>
     <span class='ocr_line' id='line_1_26' title="bbox 120 3077 1409 3164; baseline 0.004 -22"><span class='ocrx_word' id='word_1_228' title='bbox 120 3093 124 3098; x_wconf 83' lang='lat'>&#39;</span> <span class='ocrx_word' id='word_1_229' title='bbox 180 3079 288 3164; x_wconf 90' lang='lat' dir='ltr'>rumpi</span> <span class='ocrx_word' id='word_1_230' title='bbox 314 3099 410 3143; x_wconf 88' lang='lat' dir='ltr'>nemo</span> <span class='ocrx_word' id='word_1_231' title='bbox 439 3080 616 3164; x_wconf 86' lang='lat' dir='ltr'>negaverit.</span> <span class='ocrx_word' id='word_1_232' title='bbox 646 3115 686 3126; x_wconf 89' lang='lat'>—</span> <span class='ocrx_word' id='word_1_233' title='bbox 721 3077 907 3145; x_wconf 80' lang='lat' dir='ltr'>Sententiae</span> <span class='ocrx_word' id='word_1_234' title='bbox 939 3103 1036 3164; x_wconf 88' lang='lat' dir='ltr'>quam</span> <span class='ocrx_word' id='word_1_235' title='bbox 1069 3082 1164 3146; x_wconf 88' lang='lat' dir='ltr'>modo</span> <span class='ocrx_word' id='word_1_236' title='bbox 1197 3083 1409 3148; x_wconf 83' lang='lat' dir='ltr'>refutavimus</span> 
     </span>
     <span class='ocr_line' id='line_1_27' title="bbox 180 3183 1406 3275; baseline 0.004 -25"><span class='ocrx_word' id='word_1_237' title='bbox 180 3186 327 3270; x_wconf 84' lang='lat' dir='ltr'>proxima</span> <span class='ocrx_word' id='word_1_238' title='bbox 350 3188 400 3249; x_wconf 91' lang='lat' dir='ltr'>est</span> <span class='ocrx_word' id='word_1_239' title='bbox 423 3183 565 3249; x_wconf 89' lang='lat' dir='ltr'>Walchii</span> <span class='ocrx_word' id='word_1_240' title='bbox 589 3187 828 3273; x_wconf 86' lang='lat' dir='ltr'>interpretatio,</span> <span class='ocrx_word' id='word_1_241' title='bbox 851 3189 906 3272; x_wconf 94' lang='lat' dir='ltr'>qui</span> <span class='ocrx_word' id='word_1_242' title='bbox 931 3211 1008 3275; x_wconf 86' lang='lat' dir='ltr'>voce</span> <span class='ocrx_word' id='word_1_243' title='bbox 1032 3189 1198 3255; x_wconf 88' lang='lat' dir='ltr'>maiores</span> <span class='ocrx_word' id='word_1_244' title='bbox 1222 3194 1347 3255; x_wconf 89' lang='lat' dir='ltr'>mutata</span> <span class='ocrx_word' id='word_1_245' title='bbox 1371 3192 1406 3254; x_wconf 91' lang='lat' dir='ltr'>in</span> 
     </span>
     <span class='ocr_line' id='line_1_28' title="bbox 181 3277 1406 3381; baseline 0.003 -24"><span class='ocrx_word' id='word_1_246' title='bbox 181 3293 302 3357; x_wconf 91' lang='lat' dir='ltr'>maior</span> <span class='ocrx_word' id='word_1_247' title='bbox 329 3313 388 3356; x_wconf 89' lang='lat' dir='ltr'>res</span> <span class='ocrx_word' id='word_1_248' title='bbox 417 3292 520 3357; x_wconf 91' lang='lat' dir='ltr'>lucem</span> <span class='ocrx_word' id='word_1_249' title='bbox 548 3277 618 3357; x_wconf 91' lang='lat' dir='ltr'>loco</span> <span class='ocrx_word' id='word_1_250' title='bbox 647 3294 795 3358; x_wconf 91' lang='lat' dir='ltr'>intulisse</span> <span class='ocrx_word' id='word_1_251' title='bbox 829 3294 890 3358; x_wconf 89' lang='lat' dir='ltr'>sibi</span> <span class='ocrx_word' id='word_1_252' title='bbox 919 3295 1052 3360; x_wconf 88' lang='lat' dir='ltr'>videtur.</span> <span class='ocrx_word' id='word_1_253' title='bbox 1096 3319 1133 3360; x_wconf 90' lang='lat' dir='ltr'>ac</span> <span class='ocrx_word' id='word_1_254' title='bbox 1162 3301 1318 3381; x_wconf 90' lang='lat' dir='ltr'>quantum</span> <span class='ocrx_word' id='word_1_255' title='bbox 1346 3320 1406 3361; x_wconf 89' lang='lat' dir='ltr'>nos</span> 
     </span>
     <span class='ocr_line' id='line_1_29' title="bbox 180 3398 1405 3488; baseline 0.005 -25"><span class='ocrx_word' id='word_1_256' title='bbox 180 3399 396 3483; x_wconf 85' lang='lat' dir='ltr'>intellegimus</span> <span class='ocrx_word' id='word_1_257' title='bbox 424 3398 566 3464; x_wconf 88' lang='lat' dir='ltr'>Walchii</span> <span class='ocrx_word' id='word_1_258' title='bbox 595 3401 806 3465; x_wconf 87' lang='lat' dir='ltr'>mutationem</span> <span class='ocrx_word' id='word_1_259' title='bbox 837 3423 933 3484; x_wconf 89' lang='lat' dir='ltr'>quam</span> <span class='ocrx_word' id='word_1_260' title='bbox 962 3401 1143 3466; x_wconf 85' lang='lat' dir='ltr'>accuratius</span> <span class='ocrx_word' id='word_1_261' title='bbox 1172 3424 1239 3467; x_wconf 90' lang='lat' dir='ltr'>nou</span> <span class='ocrx_word' id='word_1_262' title='bbox 1267 3404 1405 3488; x_wconf 87' lang='lat' dir='ltr'>explica-</span> 
     </span>
     <span class='ocr_line' id='line_1_30' title="bbox 183 3507 1409 3591; baseline 0.003 -21"><span class='ocrx_word' id='word_1_263' title='bbox 183 3507 243 3590; x_wconf 85' lang='lat' dir='ltr'>vit,</span> <span class='ocrx_word' id='word_1_264' title='bbox 262 3525 356 3571; x_wconf 84' lang='lat' dir='ltr'>vooes</span> <span class='ocrx_word' id='word_1_265' title='bbox 377 3527 505 3570; x_wconf 88' lang='lat' dir='ltr'>verum</span> <span class='ocrx_word' id='word_1_266' title='bbox 522 3507 614 3572; x_wconf 89' lang='lat' dir='ltr'>haec</span> <span class='ocrx_word' id='word_1_267' title='bbox 633 3508 745 3572; x_wconf 89' lang='lat' dir='ltr'>nobis</span> <span class='ocrx_word' id='word_1_268' title='bbox 765 3507 886 3572; x_wconf 90' lang='lat' dir='ltr'>maior</span> <span class='ocrx_word' id='word_1_269' title='bbox 904 3529 963 3571; x_wconf 88' lang='lat' dir='ltr'>res</span> <span class='ocrx_word' id='word_1_270' title='bbox 982 3509 1148 3591; x_wconf 87' lang='lat' dir='ltr'>pertinent</span> <span class='ocrx_word' id='word_1_271' title='bbox 1162 3508 1203 3574; x_wconf 90' lang='lat' dir='ltr'>ad</span> <span class='ocrx_word' id='word_1_272' title='bbox 1218 3511 1409 3574; x_wconf 89' lang='lat' dir='ltr'>anteceden-</span> 
     </span>
     <span class='ocr_line' id='line_1_31' title="bbox 182 3612 1408 3700; baseline 0.004 -23"><span class='ocrx_word' id='word_1_273' title='bbox 182 3614 230 3678; x_wconf 86' lang='lat' dir='ltr'>tia</span> <span class='ocrx_word' id='word_1_274' title='bbox 252 3613 329 3676; x_wconf 89' lang='lat' dir='ltr'>nisi</span> <span class='ocrx_word' id='word_1_275' title='bbox 353 3612 457 3677; x_wconf 86' lang='lat' dir='ltr'>forte</span> <span class='ocrx_word' id='word_1_276' title='bbox 481 3665 487 3679; x_wconf 93' lang='lat'><strong>.</strong></span> <span class='ocrx_word' id='word_1_277' title='bbox 507 3664 514 3679; x_wconf 83' lang='lat'><strong>.</strong></span> <span class='ocrx_word' id='word_1_278' title='bbox 534 3664 541 3678; x_wconf 93' lang='lat'>.</span> <span class='ocrx_word' id='word_1_279' title='bbox 561 3665 567 3678; x_wconf 94' lang='lat'><em>.</em></span> <span class='ocrx_word' id='word_1_280' title='bbox 591 3617 684 3680; x_wconf 91' lang='lat' dir='ltr'>tulit</span> <span class='ocrx_word' id='word_1_281' title='bbox 706 3618 861 3698; x_wconf 88' lang='lat' dir='ltr'>tanquam</span> <span class='ocrx_word' id='word_1_282' title='bbox 886 3615 913 3677; x_wconf 90' lang='lat' dir='ltr'>si</span> <span class='ocrx_word' id='word_1_283' title='bbox 927 3613 1058 3678; x_wconf 80' lang='lat' dir='ltr'>Tacitus</span> <span class='ocrx_word' id='word_1_284' title='bbox 1082 3615 1185 3680; x_wconf 88' lang='lat' dir='ltr'>dicere</span> <span class='ocrx_word' id='word_1_285' title='bbox 1204 3617 1350 3700; x_wconf 86' lang='lat' dir='ltr'>voluerit,</span> <span class='ocrx_word' id='word_1_286' title='bbox 1375 3640 1408 3682; x_wconf 90' lang='lat' dir='ltr'>se</span> 
     </span>
     <span class='ocr_line' id='line_1_32' title="bbox 184 3719 1408 3807; baseline 0.004 -23"><span class='ocrx_word' id='word_1_287' title='bbox 184 3721 319 3784; x_wconf 87' lang='lat' dir='ltr'>missum</span> <span class='ocrx_word' id='word_1_288' title='bbox 342 3719 470 3805; x_wconf 87' lang='lat' dir='ltr'>fecisse,</span> <span class='ocrx_word' id='word_1_289' title='bbox 498 3725 607 3786; x_wconf 87' lang='lat' dir='ltr'>utrum</span> <span class='ocrx_word' id='word_1_290' title='bbox 631 3721 832 3804; x_wconf 86' lang='lat' dir='ltr'>Vespasiano</span> <span class='ocrx_word' id='word_1_291' title='bbox 862 3723 991 3786; x_wconf 88' lang='lat' dir='ltr'>auctore</span> <span class='ocrx_word' id='word_1_292' title='bbox 1016 3744 1057 3785; x_wconf 92' lang='lat' dir='ltr'>an</span> <span class='ocrx_word' id='word_1_293' title='bbox 1080 3726 1261 3807; x_wconf 88' lang='lat' dir='ltr'>temporum</span> <span class='ocrx_word' id='word_1_294' title='bbox 1287 3724 1408 3790; x_wconf 86' lang='lat' dir='ltr'>vicissi-</span> 
     </span>
     <span class='ocr_line' id='line_1_33' title="bbox 182 3827 1408 3911; baseline 0.003 -19"><span class='ocrx_word' id='word_1_295' title='bbox 182 3828 292 3892; x_wconf 89' lang='lat' dir='ltr'>tudine</span> <span class='ocrx_word' id='word_1_296' title='bbox 315 3827 459 3910; x_wconf 87' lang='lat' dir='ltr'>ipsorum</span> <span class='ocrx_word' id='word_1_297' title='bbox 483 3829 619 3892; x_wconf 89' lang='lat' dir='ltr'>mutatio</span> <span class='ocrx_word' id='word_1_298' title='bbox 643 3849 768 3892; x_wconf 91' lang='lat' dir='ltr'>morum</span> <span class='ocrx_word' id='word_1_299' title='bbox 792 3828 880 3892; x_wconf 88' lang='lat' dir='ltr'>facta</span> <span class='ocrx_word' id='word_1_300' title='bbox 904 3828 961 3911; x_wconf 90' lang='lat' dir='ltr'>sit,</span> <span class='ocrx_word' id='word_1_301' title='bbox 989 3828 1204 3894; x_wconf 90' lang='lat' dir='ltr'>difficiliorem</span> <span class='ocrx_word' id='word_1_302' title='bbox 1228 3831 1312 3893; x_wconf 88' lang='lat' dir='ltr'>enim</span> <span class='ocrx_word' id='word_1_303' title='bbox 1337 3853 1408 3896; x_wconf 90' lang='lat' dir='ltr'>esse</span> 
     </span>
     <span class='ocr_line' id='line_1_34' title="bbox 184 3935 1409 4020; baseline 0.003 -22"><span class='ocrx_word' id='word_1_304' title='bbox 184 3935 421 4020; x_wconf 86' lang='lat' dir='ltr'>quaestionem,</span> <span class='ocrx_word' id='word_1_305' title='bbox 450 3935 505 3999; x_wconf 90' lang='lat' dir='ltr'>sed</span> <span class='ocrx_word' id='word_1_306' title='bbox 533 3938 687 3999; x_wconf 89' lang='lat' dir='ltr'>maneant</span> <span class='ocrx_word' id='word_1_307' title='bbox 711 3935 889 3998; x_wconf 90' lang='lat' dir='ltr'>certamina</span> <span class='ocrx_word' id='word_1_308' title='bbox 912 3957 951 3999; x_wconf 86' lang='lat' dir='ltr'>ex</span> <span class='ocrx_word' id='word_1_309' title='bbox 974 3936 1112 4000; x_wconf 88' lang='lat' dir='ltr'>honesto</span> <span class='ocrx_word' id='word_1_310' title='bbox 1141 3958 1175 4000; x_wconf 90' lang='lat' dir='ltr'>se</span> <span class='ocrx_word' id='word_1_311' title='bbox 1203 3937 1292 4002; x_wconf 89' lang='lat' dir='ltr'>velle.</span> <span class='ocrx_word' id='word_1_312' title='bbox 1334 3939 1409 4003; x_wconf 89' lang='lat' dir='ltr'>huic</span> 
     </span>
     <span class='ocr_line' id='line_1_35' title="bbox 182 4041 1408 4128; baseline 0.002 -23"><span class='ocrx_word' id='word_1_313' title='bbox 182 4041 444 4124; x_wconf 88' lang='lat' dir='ltr'>interpretationi</span> <span class='ocrx_word' id='word_1_314' title='bbox 472 4062 582 4106; x_wconf 92' lang='lat' dir='ltr'>vocem</span> <span class='ocrx_word' id='word_1_315' title='bbox 612 4042 734 4106; x_wconf 89' lang='lat' dir='ltr'>maior</span> <span class='ocrx_word' id='word_1_316' title='bbox 760 4042 889 4107; x_wconf 89' lang='lat' dir='ltr'>obstare</span> <span class='ocrx_word' id='word_1_317' title='bbox 918 4042 1012 4106; x_wconf 88' lang='lat' dir='ltr'>facile</span> <span class='ocrx_word' id='word_1_318' title='bbox 1041 4043 1254 4128; x_wconf 85' lang='lat' dir='ltr'>intellegitur,</span> <span class='ocrx_word' id='word_1_319' title='bbox 1282 4045 1408 4108; x_wconf 90' lang='lat' dir='ltr'>etiamsi</span> 
     </span>
     <span class='ocr_line' id='line_1_36' title="bbox 184 4147 1409 4234; baseline 0.002 -22"><span class='ocrx_word' id='word_1_320' title='bbox 184 4148 255 4231; x_wconf 89' lang='lat' dir='ltr'>quis</span> <span class='ocrx_word' id='word_1_321' title='bbox 297 4147 402 4211; x_wconf 88' lang='lat' dir='ltr'>obiter</span> <span class='ocrx_word' id='word_1_322' title='bbox 443 4147 550 4212; x_wconf 88' lang='lat' dir='ltr'>locum</span> <span class='ocrx_word' id='word_1_323' title='bbox 588 4148 772 4232; x_wconf 86' lang='lat' dir='ltr'>inspexerit.</span> <span class='ocrx_word' id='word_1_324' title='bbox 828 4152 994 4232; x_wconf 86' lang='lat' dir='ltr'>praeterea</span> <span class='ocrx_word' id='word_1_325' title='bbox 1034 4185 1072 4195; x_wconf 87' lang='lat'><strong>—</strong></span> <span class='ocrx_word' id='word_1_326' title='bbox 1112 4150 1145 4212; x_wconf 93' lang='lat' dir='ltr'>id</span> <span class='ocrx_word' id='word_1_327' title='bbox 1186 4151 1271 4233; x_wconf 92' lang='lat' dir='ltr'>quod</span> <span class='ocrx_word' id='word_1_328' title='bbox 1311 4172 1409 4234; x_wconf 88' lang='lat' dir='ltr'>supra</span> 
     </span>
     <span class='ocr_line' id='line_1_37' title="bbox 185 4253 1408 4339; baseline 0.003 -20"><span class='ocrx_word' id='word_1_329' title='bbox 185 4255 223 4319; x_wconf 93' lang='lat' dir='ltr'>de</span> <span class='ocrx_word' id='word_1_330' title='bbox 256 4253 369 4318; x_wconf 89' lang='lat' dir='ltr'>Rothii</span> <span class='ocrx_word' id='word_1_331' title='bbox 399 4254 666 4337; x_wconf 88' lang='lat' dir='ltr'>interpretatione</span> <span class='ocrx_word' id='word_1_332' title='bbox 699 4254 883 4319; x_wconf 88' lang='lat' dir='ltr'>monuimus</span> <span class='ocrx_word' id='word_1_333' title='bbox 915 4278 1019 4339; x_wconf 89' lang='lat' dir='ltr'>pauca</span> <span class='ocrx_word' id='word_1_334' title='bbox 1050 4256 1107 4320; x_wconf 90' lang='lat' dir='ltr'>illa</span> <span class='ocrx_word' id='word_1_335' title='bbox 1144 4256 1243 4319; x_wconf 89' lang='lat' dir='ltr'>verba</span> <span class='ocrx_word' id='word_1_336' title='bbox 1278 4257 1312 4320; x_wconf 92' lang='lat' dir='ltr'>in</span> <span class='ocrx_word' id='word_1_337' title='bbox 1345 4257 1408 4323; x_wconf 92' lang='lat' dir='ltr'>duo</span> 
     </span>
     <span class='ocr_line' id='line_1_38' title="bbox 184 4347 1407 4447; baseline 0.002 -21"><span class='ocrx_word' id='word_1_338' title='bbox 184 4362 353 4426; x_wconf 89' lang='lat' dir='ltr'>enuntiata</span> <span class='ocrx_word' id='word_1_339' title='bbox 375 4363 443 4424; x_wconf 88' lang='lat' dir='ltr'>tam</span> <span class='ocrx_word' id='word_1_340' title='bbox 467 4361 544 4426; x_wconf 91' lang='lat' dir='ltr'>dure</span> <span class='ocrx_word' id='word_1_341' title='bbox 568 4362 721 4446; x_wconf 85' lang='lat' dir='ltr'>dividere,</span> <span class='ocrx_word' id='word_1_342' title='bbox 749 4365 786 4426; x_wconf 90' lang='lat' dir='ltr'>ut</span> <span class='ocrx_word' id='word_1_343' title='bbox 810 4361 886 4446; x_wconf 91' lang='lat' dir='ltr'>quid</span> <span class='ocrx_word' id='word_1_344' title='bbox 909 4363 957 4426; x_wconf 92' lang='lat' dir='ltr'>rei</span> <span class='ocrx_word' id='word_1_345' title='bbox 981 4363 1023 4426; x_wconf 92' lang='lat' dir='ltr'>sit</span> <span class='ocrx_word' id='word_1_346' title='bbox 1045 4363 1100 4426; x_wconf 84' lang='lat' dir='ltr'>vix</span> <span class='ocrx_word' id='word_1_347' title='bbox 1123 4362 1332 4447; x_wconf 87' lang='lat' dir='ltr'>intellegatur</span> <span class='ocrx_word' id='word_1_348' title='bbox 1356 4347 1407 4428; x_wconf 70' lang='lat' dir='ltr'>&#39;vel</span> 
     </span>
     <span class='ocr_line' id='line_1_39' title="bbox 185 4467 896 4562; baseline 0 -29"><span class='ocrx_word' id='word_1_349' title='bbox 185 4467 330 4558; x_wconf 79' lang='lat' dir='ltr'>a-Taoiti</span> <span class='ocrx_word' id='word_1_350' title='bbox 353 4488 468 4552; x_wconf 81' lang='lat' dir='ltr'>genere</span> <span class='ocrx_word' id='word_1_351' title='bbox 492 4469 652 4533; x_wconf 88' lang='lat' dir='ltr'>scribendi</span> <span class='ocrx_word' id='word_1_352' title='bbox 675 4468 814 4562; x_wconf 78' lang='lat' dir='ltr'>alienum</span> <span class='ocrx_word' id='word_1_353' title='bbox 839 4472 896 4534; x_wconf 84' lang='lat' dir='ltr'>est.</span> 
     </span>
    </p>

    <p class='ocr_par' dir='ltr' id='par_1_5' title="bbox 186 4573 1407 4768">
     <span class='ocr_line' id='line_1_40' title="bbox 273 4573 1407 4660; baseline 0.004 -24"><span class='ocrx_word' id='word_1_354' title='bbox 273 4573 382 4637; x_wconf 82' lang='lat' dir='ltr'>Aliam</span> <span class='ocrx_word' id='word_1_355' title='bbox 423 4575 615 4639; x_wconf 87' lang='lat' dir='ltr'>emendandi</span> <span class='ocrx_word' id='word_1_356' title='bbox 655 4577 740 4639; x_wconf 84' lang='lat' dir='ltr'>viam</span> <span class='ocrx_word' id='word_1_357' title='bbox 782 4577 947 4660; x_wconf 87' lang='lat' dir='ltr'>ingressus</span> <span class='ocrx_word' id='word_1_358' title='bbox 984 4579 1034 4640; x_wconf 89' lang='lat' dir='ltr'>est</span> <span class='ocrx_word' id='word_1_359' title='bbox 1070 4575 1199 4659; x_wconf 89' lang='lat' dir='ltr'>Lipsius</span> <span class='ocrx_word' id='word_1_360' title='bbox 1241 4577 1295 4660; x_wconf 94' lang='lat' dir='ltr'>qui</span> <span class='ocrx_word' id='word_1_361' title='bbox 1332 4581 1407 4641; x_wconf 91' lang='lat' dir='ltr'>ante</span> 
     </span>
     <span class='ocr_line' id='line_1_41' title="bbox 186 4680 1407 4768; baseline 0.003 -24"><span class='ocrx_word' id='word_1_362' title='bbox 186 4681 352 4745; x_wconf 89' lang='lat' dir='ltr'>maiores</span> <span class='ocrx_word' id='word_1_363' title='bbox 375 4681 649 4765; x_wconf 89' lang='lat' dir='ltr'>praepositionem</span> <span class='ocrx_word' id='word_1_364' title='bbox 673 4680 711 4745; x_wconf 91' lang='lat' dir='ltr'>in</span> <span class='ocrx_word' id='word_1_365' title='bbox 735 4682 878 4766; x_wconf 89' lang='lat' dir='ltr'>supplet,</span> <span class='ocrx_word' id='word_1_366' title='bbox 903 4705 984 4768; x_wconf 87' lang='lat' dir='ltr'>quae</span> <span class='ocrx_word' id='word_1_367' title='bbox 1011 4686 1164 4767; x_wconf 89' lang='lat' dir='ltr'>sequente</span> <span class='ocrx_word' id='word_1_368' title='bbox 1187 4682 1282 4747; x_wconf 89' lang='lat' dir='ltr'>litera</span> <span class='ocrx_word' id='word_1_369' title='bbox 1305 4707 1337 4748; x_wconf 90' lang='lat' dir='ltr'>m</span> <span class='ocrx_word' id='word_1_370' title='bbox 1361 4685 1407 4748; x_wconf 86' lang='lat' dir='ltr'>fa·</span> 
     </span>
    </p>
   </div>
   <div class='ocr_carea' id='block_1_5' title="bbox 0 0 1661 5224">
    <p class='ocr_par' dir='ltr' id='par_1_6' title="bbox 0 0 1661 5224">
     <span class='ocr_line' id='line_1_42' title="bbox 0 0 1661 5224; baseline 0 0"><span class='ocrx_word' id='word_1_371' title='bbox 0 0 1661 5224; x_wconf 95' lang='lat' dir='ltr'> </span> 
     </span>
    </p>
   </div>
  </div>
 </body>
</html>
