3300 5224
523 271 564 324 Da
583 270 794 340 participiorum
812 271 913 323 natura
931 235 1046 325 verbuli.
1292 343 1295 351 1
1336 269 1400 332 125
1419 260 1421 264 ,

172 433 309 498 Rolnam
334 434 499 516 profectus.
544 433 599 515 88,
624 434 645 496 3
674 433 820 498 Gaetulos
848 438 876 496 et
903 429 1089 514 Iocpnribem
1117 452 1283 515 oppressus.
1333 431 1401 497 Cat.

172 543 234 625 40,
257 543 494 622 2percoctaics
509 559 623 621 pauca
664 540 722 623 45,
744 537 766 603 4
789 539 889 604 meite
905 540 998 620 prins
1020 539 1189 603 obtestatus.

186 734 282 788 XIII.
302 730 466 800 Partlcipii
484 730 615 802 perlectI
634 746 701 788 cnm
720 731 822 788 (latino
842 731 925 786 verb.
946 731 1014 802 clep.
1035 731 1174 798 iungitur
1192 732 1393 788 accusativus.

270 857 355 923 Tac„
368 859 442 923 hist.
467 857 530 941 111,
554 857 574 921 6
598 859 703 923 intimi
722 860 828 940 pratia
847 859 987 939 primm
1004 859 1108 942 pilum
1130 861 1236 941 adepte
1260 859 1340 924 laete
1363 861 1406 922 ud

167 985 323 1049 praesens
348 966 429 1029 male
454 969 552 1046 perio
578 987 650 1030 moe
681 968 716 1031 in
742 966 916 1048 muscum.
942 970 1061 1030 vabre.
1109 965 1165 1048 IV,
1187 967 1230 1030 26
1258 967 1405 1048 inpressis

175 1073 369 1137 Novaesium
395 1077 480 1136 secta
512 1073 638 1137 decumo
666 1074 741 1155 leyio
769 1073 973 1154 conivnpilnr.
1016 1095 1090 1137 ann.
1112 1070 1207 1156 XIII,
1233 1076 1248 1135 1
1277 1075 1404 1138 oiseium

167 1180 344 1259 pueritiam
366 1179 476 1262 epvessi
499 1178 625 1244 Neroni.
668 1177 743 1243 hist.
766 1177 796 1261 Ι,
822 1182 838 1242 1
863 1179 1076 1259 incorruptum
1097 1179 1188 1260 fidem
1205 1180 1362 1260 professis.

172 1371 264 1427 xlv.
278 1370 441 1440 PartipriI
455 1370 584 1439 perlecll
599 1385 666 1426 cum
683 1369 855 1426 accusativo
870 1369 953 1425 verb.
966 1370 1035 1440 clep.
1050 1370 1190 1438 iungitur
1204 1371 1404 1428 accusativus.

268 1499 343 1562 Tac.
366 1497 441 1562 hist.
464 1497 520 1580 IV,
543 1498 584 1562 bl
609 1497 770 1562 hibernum
792 1517 878 1560 mure
900 1517 1084 1579 oppressum.
1126 1497 1188 1582 111,
1212 1499 1254 1563 59
1285 1499 1405 1563 obvium

172 1605 245 1670 illie
263 1605 409 1669 Petilium
428 1603 576 1669 Oeneo
595 1605 725 1669 habuere
743 1605 857 1686 celesti
878 1605 962 1667 onitu
980 1609 1010 1667 et
1025 1604 1139 1668 nolitia
1156 1603 1291 1669 locorum
1308 1610 1405 1669 cusio-

173 1711 250 1776 dios
274 1711 388 1776 Vitellii
410 1711 555 1791 elapsum.
598 1733 671 1775 anu.
689 1710 746 1794 IV,
764 1711 808 1775 64
830 1712 962 1775 evenisse
983 1712 1018 1774 id
1039 1712 1113 1775 olim
1135 1709 1289 1776 Claudiae
1303 1711 1405 1790 iluis-

175 1823 227 1882 tos
250 1819 372 1899 musque
393 1822 529 1882 stobrum
555 1819 619 1882 cim
645 1819 767 1901 mnium
794 1817 840 1883 bis
866 1819 1005 1899 elipsim
1035 1819 1171 1882 emtores
1196 1820 1282 1900 opud
1302 1820 1406 1882 aedem

176 1926 292 1988 metris
313 1926 404 1989 decim
427 1925 651 1989 consecravisse.

222 2099 289 2156 XV.
313 2098 477 2168 PartloIpli
496 2098 626 2168 perlecti
645 2113 712 2155 oum
730 2098 831 2154 Ilativo
851 2099 935 2154 verb.
955 2098 1023 2168 dep.
1043 2098 1184 2167 iungilur
1202 2098 1365 2155 ablativus.

270 2225 344 2290 Tac.
369 2247 443 2290 ann.
467 2225 544 2304 XII,
567 2225 610 2290 54
637 2231 746 2290 cuncta
773 2227 938 2308 malefacte
965 2225 1024 2290 sibi
1051 2227 1176 2308 impune
1202 2221 1295 2292 ratos
1317 2231 1407 2290 iente

172 2333 316 2414 potentie
337 2332 476 2396 subnixo.

252 2525 287 2590 Β.
311 2526 355 2590 De
378 2524 529 2606 genetivo
552 2525 702 2607 gerardii
725 2543 857 2608 quocum
880 2526 1086 2592 accusativus
1110 2527 1326 2610 coniungitur.

271 2668 380 2733 Etiam
395 2667 457 2732 hoc
475 2689 535 2731 usu
549 2666 680 2732 Tacitus
700 2669 741 2732 ab
761 2669 834 2733 aIIis
850 2669 1059 2751 scriptoribus
1079 2649 1274 2754 magnopere
1294 2669 1407 2734 differt.

181 2779 313 2840 constat
331 2774 419 2838 enim
437 2773 607 2855 Romanis,
626 2775 690 2838 nisi
709 2775 912 2840 aecusativus
932 2775 1080 2859 genetivo
1100 2777 1248 2860 gerundii
1270 2777 1404 2860 iungen-

180 2883 242 2945 dus
274 2901 453 2964 pronomen
486 2884 543 2944 aut
579 2880 772 2946 adiectivum
809 2881 937 2967 generis
968 2881 1112 2946 neutrius
1150 2887 1231 2965 erat,
1268 2883 1407 2946 activam

181 2989 378 3051 structuram
407 2987 512 3052 minus
540 2987 712 3072 placuisse,
746 3009 841 3072 quam
870 2988 1034 3071 passivam
1068 2986 1246 3074 (colendo
1275 3001 1407 3074 agrum

185 3131 224 3140 —
250 3094 413 3158 colendo
437 3091 555 3180 agro).
592 3098 751 3179 quatenus
775 3093 860 3158 hanc
883 3095 988 3178 legem
1012 3095 1185 3160 Sallustius
1209 3100 1242 3160 et
1266 3095 1407 3160 Velleius

182 3201 427 3266 observaverint
450 3201 502 3264 vix
520 3199 687 3265 diiudicari
706 3204 829 3284 potest,
852 3223 924 3264 cum
944 3201 1164 3285 exemplorum
1183 3223 1334 3266 numerus
1354 3201 1409 3264 sd-

183 3307 315 3371 modum
334 3329 452 3390 parvus
476 3307 531 3389 sit,
553 3327 631 3370 nam
649 3311 783 3390 uterque
803 3307 910 3371 activa
928 3310 1089 3370 structura
1108 3327 1163 3369 sex
1184 3306 1407 3371 tantummodo

182 3415 262 3478 loeis
287 3414 401 3496 utitur,
430 3433 565 3496 qnorum
589 3413 729 3496 quinque
752 3433 819 3476 non
842 3412 1061 3476 accusativum
1085 3413 1232 3476 adiectivi
1256 3416 1312 3476 aut
1336 3434 1409 3496 pro·

181 3521 339 3604 nominis,
366 3519 422 3583 sed
445 3521 525 3585 meri
549 3521 745 3584 substantivi
769 3519 932 3584 exhibent.
975 3519 1125 3584 Tacitum
1153 3523 1260 3584 autem
1287 3520 1336 3583 illi
1360 3522 1406 3584 in-

184 3627 303 3692 solenti
326 3627 474 3710 gerundii
497 3627 570 3691 usui
593 3648 651 3711 pro
672 3627 847 3711 gerundivo
872 3627 1106 3692 studiosissime
1129 3627 1249 3691 favisse
1271 3650 1310 3691 ex
1334 3629 1408 3692 sub-

184 3734 395 3817 sequentibus
417 3735 571 3817 exemplis
595 3735 717 3816 optime
741 3735 945 3798 intellexeris.

275 3840 350 3904 Tac.
369 3861 442 3904 ann.
461 3841 486 3924 I,
505 3841 548 3904 60
571 3843 679 3922 cupido
703 3839 866 3906 Gaesarem
887 3841 1010 3904 incedit
1030 3841 1165 3906 soluendi
1187 3861 1330 3923 superem
1352 3844 1410 3908 mi-
1524 3910 1531 3918 ,

185 3947 290 4011 litibus
307 3947 444 4028 simeone.
484 3945 513 4030 Ι,
533 3949 550 4010 I
556 3949 573 4011 I
597 3949 799 4030 spectantium
820 3947 1047 4012 senodocium*
1067 3948 1160 4012 esitio
1182 3949 1338 4014 moliendi
1354 3971 1410 4031 po-

187 4059 278 4118 iestes
293 4053 489 4135 praetoribus
510 4055 601 4134 fieret.
648 4053 694 4137 ΙΙ,
719 4055 761 4118 62
784 4055 893 4136 caludo
916 4055 1049 4136 eugendi
1068 4056 1240 4135 peewniem.
1280 4055 1343 4139 111,
1370 4057 1409 4120 19

187 4159 302 4225 Caesar
324 4165 431 4223 cucur·
453 4161 574 4224 senatui
600 4162 666 4240 fnit
692 4160 812 4225 Vitellio
836 4210 843 4225 .
863 4212 869 4225 .
889 4208 923 4224 ..
950 4163 1121 4226 sacerdotio
1145 4161 1304 4225 tribenudi.
1349 4161 1410 4243 111,

187 4268 229 4332 36
253 4267 409 4332 incedebat
431 4317 437 4330 .
457 4317 463 4331 .
483 4317 517 4331 ..
541 4267 663 4349 licentio
686 4269 811 4349 leupone
827 4267 946 4349 probro
964 4273 993 4331 et
1014 4269 1166 4332 iuvidiam
1189 4267 1224 4330 iu
1246 4267 1337 4331 bonos
1360 4289 1410 4332 ee·

186 4376 303 4439 silencii
326 4379 450 4454 arrepto
475 4375 611 4456 inopiae
633 4373 785 4440 Caesaris.
825 4371 886 4458 ΙΠ,
911 4375 954 4438 60
982 4375 1105 4438 licentio
1128 4379 1218 4455 cipite
1239 4375 1411 4456 impniniius

187 4484 276 4565 asyla
294 4483 423 4546 dicendi.
459 4480 520 4560 111,
536 4481 580 4544 63
602 4481 700 4545 cultus
719 4481 884 4544 numinum
901 4482 1039 4561 ubisque
1056 4479 1200 4543 Dionem
1219 4485 1276 4543 cni
1292 4479 1410 4561 Apolli-

185 4610 254 4654 nem
284 4589 459 4653 venerandi.
505 4587 567 4668 III,
592 4589 634 4652 73
666 4590 722 4651 det
750 4587 904 4670 nepotiane
933 4587 1048 4650 Blaeso
1079 4591 1190 4650 ceteros
1218 4587 1338 4667 quidem
1370 4591 1413 4652 oe
