3300 5224
474 315 515 368 Dc
533 314 746 384 participiorum
764 331 816 368 666
834 314 1033 384 praedicativo.
1304 317 1366 380 101

139 484 232 543 eraut
254 479 359 544 stridia
381 479 515 544 nimiam
532 478 720 542 seueritatem
739 479 972 560 asperuautium
984 479 1130 561 plumbum
1146 479 1228 544 uihil
1245 485 1367 544 mutau-

138 588 216 650 dum
248 585 445 651 ccuseutrhus.
486 584 561 670 hist
584 584 631 665 Π,
654 585 698 649 42
726 587 836 650 omisso
860 585 998 667 pilorum
1025 586 1108 650 iactu
1132 587 1249 668 pladiis
1270 592 1299 651 et
1324 607 1367 652 se-

7 723 9 730 ·
138 693 267 758 curibus
281 693 387 776 paleas
406 692 574 773 latiamque
586 712 792 774 perrumpere.
820 691 862 774 ΙΙ,
877 692 918 755 69
937 693 1083 773 pietatem
1101 693 1237 756 militum
1255 693 1368 757 collau-

138 801 228 865 davit
261 798 460 879 freraouhhus
495 799 624 864 auxiliis
661 801 781 863 mutum
817 800 1014 882 impumtatis
1046 804 1136 882 atque
1171 801 1368 882 arropautiae

140 907 321 990 lapiouariis
343 906 509 972 accessisse.
555 904 601 988 II,
625 905 665 970 87
691 905 859 970 ouuahaut
884 905 1112 972 multitudinem
1135 907 1214 971 obuii
1236 928 1273 971 ea
1294 907 1368 971 urbe

138 1018 295 1079 senatores
318 1064 324 1076 .
345 1062 353 1077 .
372 1062 378 1077 .
398 1062 406 1078 .
429 1032 531 1077 omues
553 1032 591 1076 ue
613 1012 687 1076 aliis
704 1013 967 1095 proficiscentibus
990 1013 1051 1094 ipsi
1072 1017 1272 1078 remouereut.
1308 1013 1368 1096 III,

142 1119 184 1186 15
203 1125 325 1202 postero
347 1121 397 1184 dle
420 1118 586 1202 lmiouilus
609 1119 653 1182 od
673 1119 874 1184 muuhndum
895 1120 1019 1184 releutis
1041 1121 1212 1185 auuiliares
1234 1120 1368 1186 cohortes

139 1227 175 1293 lu
200 1225 430 1292 Cremeraeusem
452 1245 563 1308 aprum
586 1225 706 1290 missac.
735 1222 850 1308 111,70
873 1225 939 1290 iam
961 1225 1130 1309 Hispauiis
1145 1226 1368 1310 Germanisque

139 1338 169 1398 et
192 1333 369 1398 Britauuia
391 1329 627 1397 desciscentibus.
667 1329 725 1414 IV,
748 1331 768 1394 3
791 1331 882 1396 motis
904 1333 948 1396 ad
973 1332 1084 1398 bellum
1108 1333 1275 1400 Germanis
1296 1357 1367 1400 moa

138 1440 294 1523 Illyricos.
340 1438 396 1521 IV,
423 1439 466 1503 22
499 1438 668 1504 assrrltaute
688 1458 747 1519 pcr
779 1458 902 1520 camuros
932 1441 1036 1522 equite.
1081 1439 1138 1525 IV,
1161 1442 1204 1506 35
1235 1442 1368 1508 cohortes

142 1545 318 1611 Geldubam
334 1565 497 1626 perreaerc
515 1544 711 1609 maueutihus
727 1548 763 1608 ut
778 1544 906 1624 fueraut
923 1548 1039 1612 castris.
1068 1546 1124 1630 IV,
1139 1549 1179 1612 61
1200 1548 1369 1614 caleartium

139 1654 268 1718 alaram
300 1651 451 1735 66666666
482 1651 610 1715 hihuua
640 1651 783 1716 subversa
814 1657 1004 1735 aromataque
1035 1655 1076 1719 iis
1103 1659 1223 1719 tautum
1254 1657 1369 1722 relictis

138 1781 221 1844 quae
239 1759 438 1843 Mapuutiaci
455 1763 485 1823 et
503 1757 705 1824 Vludouissae
727 1759 788 1823 sita
810 1763 890 1824 suut
927 1758 984 1844 IV,
1008 1761 1052 1825 64
1074 1762 1217 1826 instituta
1239 1763 1367 1827 cultum-

138 1889 199 1950 que
214 1867 358 1950 patrium
380 1867 524 1931 resumite
546 1866 686 1948 abruptis
707 1865 913 1949 voluptatium
934 1868 1044 1949 quihus
1061 1867 1200 1933 Romani
1216 1850 1292 1951 plus
1314 1873 1368 1935 ad-

137 1995 245 2040 uersus
258 1975 402 2039 subiectos
415 1993 509 2055 quam
522 1974 621 2037 armis
633 1973 743 2038 caleat.
779 1973 820 2057 V,
834 1974 855 2038 5
875 1975 1019 2040 hiberum
1032 1979 1155 2057 patrem
1169 1977 1227 2042 ooli
1240 1978 1365 2042 domito-

136 2103 207 2146 rem
234 2081 360 2146 orieulis
385 2080 507 2161 quidem
533 2079 678 2144 arbitrati
700 2085 774 2144 suut
793 2100 988 2162 nequicquam
1015 2083 1248 2164 coripraeutihus
1277 2085 1365 2148 iusti-

138 2189 225 2252 tulis.
261 2185 301 2270 V,
328 2187 367 2251 17
390 2207 485 2268 aeque
506 2189 608 2250 uostro
630 2186 727 2250 milite
744 2186 894 2268 paludem
915 2188 1113 2270 lupredieute,
1140 2195 1175 2254 at
1201 2188 1368 2256 Germams

138 2300 178 2359 ut
203 2294 342 2359 elicerent
373 2293 592 2358 lacessentibus.
633 2290 850 2377 V011.11,1c
876 2294 1046 2376 recipiendo
1073 2297 1108 2360 iu
1135 2297 1286 2362 ciuitatem
1313 2300 1367 2379 qui

137 2421 235 2465 arma
256 2405 314 2465 aut
333 2420 397 2465 uoru
419 2405 559 2483 ceperam
581 2404 637 2464 aul
658 2401 861 2482 deposuerant
877 2401 1033 2468 maturius
1055 2403 1134 2467 uires
1151 2404 1278 2484 refectae
1295 2411 1368 2470 suut

137 2508 287 2589 Pompeio
314 2505 463 2589 Sullaque
489 2512 518 2572 et
539 2507 647 2571 Mario
674 2501 817 2588 flueiutem
842 2507 1144 2591 proarmheutcmque
1170 2531 1234 2576 rem
1255 2513 1368 2595 populi

137 2615 279 2680 Romami
302 2615 534 2679 restituentibus.
575 2611 621 2698 Π,
643 2614 686 2680 48
710 2613 799 2678 uuice
821 2620 940 2679 caueute
963 2614 1104 2681 Cicerone
1125 2620 1301 2684 corecordiae
1322 2621 1368 2684 rei

133 2721 286 2806 publicae.
333 2720 378 2803 II,
408 2721 450 2784 60
478 2722 620 2785 oeudeute
651 2741 714 2786 rem
736 2721 893 2804 publicam
925 2724 1053 2789 causale.
1100 2723 1146 2809 ll,
1174 2726 1217 2789 66
1247 2726 1368 2806 furculo

138 2829 248 2894 deiude
269 2827 408 2892 Aulacia
431 2828 580 2908 simulauc
598 2828 714 2909 Lepido
738 2877 744 2891 .
764 2878 770 2893 .
791 2879 797 2892 .
821 2835 1008 2912 repupuaute
1022 2828 1152 2895 Caesare
1173 2834 1227 2897 sed
1244 2833 1367 2914 frustra

138 2937 285 3000 adrasus
312 2936 388 2999 duos
414 2934 625 3000 instauratum
647 2934 774 3016 Sullani
801 2935 932 3017 eaempli
953 2936 1072 3001 malum
1088 2939 1282 3020 proscriptio.
1323 2940 1366 3025 ΙΙ,

142 3042 208 3106 110
230 3063 325 3124 aeque
348 3046 446 3106 tutum
464 3043 564 3106 uisum
586 3042 689 3106 abdito
713 3041 861 3106 ihteriora
879 3042 1010 3107 eucrcitu
1027 3055 1157 3109 uacuam
1180 3049 1244 3110 tam
1267 3048 1365 3114 mciuo

137 3149 219 3215 hosti
241 3150 411 3231 coluiquerc
432 3149 573 3214 Italiam.
1129 3173 1131 3176 ’

228 3380 262 3446 1⁴¹.
304 3382 348 3447 Do
372 3379 517 3446 ablativo
540 3378 687 3446 absoluto
713 3380 768 3462 qni
791 3380 832 3446 ad
854 3381 1010 3446 rationum
1034 3380 1281 3448 condicionalem

531 3486 708 3569 usurpatur
735 3484 970 3568 designandam.

229 3629 391 3706 Quoniam
424 3629 552 3714 singula
581 3651 637 3713 per
665 3651 699 3694 66
729 3629 797 3693 6666
824 3629 997 3712 participia
1023 3631 1058 3694 in
1085 3632 1191 3696 locum
1219 3635 1364 3698 enuntia-

63 3743 67 3754 '
139 3741 248 3802 torum
277 3736 552 3818 secundariorum,
579 3756 660 3819 quae
688 3735 932 3819 hypotheticam
961 3735 1101 3801 indolem
1129 3738 1264 3822 habent,
1292 3741 1365 3804 sub-

141 3845 328 3926 stituuntur,
348 3842 573 3906 offendendum
591 3863 657 3906 non
672 3845 729 3924 est,
748 3842 776 3906 si
795 3841 892 3907 ctiam
912 3843 1073 3908 ablativus
1093 3844 1261 3910 absolutus
1279 3847 1365 3911 hunc

139 3971 235 4014 usum
268 3949 446 4032 adoptavit.
490 3949 582 4012 illum
607 3951 714 4012 autem
742 3947 874 4014 maioris
895 3949 1045 4013 licentiae
1073 3951 1202 4036 signum
1229 3974 1307 4035 prae
1331 3975 1364 4018 66

139 4057 239 4138 ferre,
267 4077 361 4138 quarn
397 4055 530 4119 ablativi
563 4055 703 4119 absoluti
735 4057 931 4119 structuram
962 4057 1105 4120 notionis
1134 4057 1391 4122 condicionalis'

140 4165 322 4245 compotem
351 4161 459 4224 666666
487 4161 659 4245 particula,
687 4183 768 4244 quae
791 4161 952 4224 rationem
980 4162 1226 4245 hypotheticam
1253 4168 1364 4248 aperto

140 4269 270 4352 indicat,
285 4289 325 4331 nc
345 4268 508 4332 existimes
523 4269 577 4350 (cf.
590 4265 676 4352 D).1)
707 4268 864 4351 exempla,
882 4289 962 4352 quac
976 4269 1061 4332 haud
1077 4291 1158 4353 opus
1173 4274 1222 4334 est
1236 4294 1364 4338 accura-

213 4485 238 4550 1)
261 4479 338 4534 Kritz
362 4480 391 4532 ot
408 4477 513 4548 Berger
531 4479 604 4532 hanc
627 4445 773 4532 materiem
791 4494 846 4532 non
870 4477 938 4532 satis
963 4479 1086 4534 dilucide
1105 4480 1275 4548 tractarunt,
1298 4483 1364 4552 quia

140 4569 281 4639 exempla,
304 4567 354 4622 nbi
373 4566 544 4622 condicionis
563 4566 642 4622 notio
661 4568 690 4621 66
708 4565 791 4634 66166,
814 4567 863 4622 ubi
882 4567 1068 4624 concessionis
1087 4567 1196 4638 subeat,
1219 4571 1297 4626 nullo
1317 4573 1364 4628 ob·

141 4659 252 4716 servato
271 4655 432 4714 discrimine
452 4656 631 4714 confundunt.
