3300 5224
471 329 512 382 De
532 329 744 398 participiorum
763 348 813 384 usu
833 331 1031 400 praedicativo.
1323 334 1366 396 85

140 515 259 578 ponas:
280 492 459 577 quosdam
479 493 555 576 ipsi
574 493 761 576 manipuli
781 495 1035 560 declarandae
1054 495 1149 561 fidei
1169 498 1364 562 tradidere

138 609 174 664 et
191 601 267 664 hist.
287 599 343 683 IV,
362 599 405 664 25
427 621 486 684 pro
511 605 576 664 lum
593 623 610 664 e
630 602 782 666 seditiosis
804 623 903 666 unum
921 603 1034 666 1111111
1055 604 1138 669 iubet
1154 606 1254 686 inopis
1275 625 1365 667 usur-

130 709 237 790 pandi
259 708 340 771 iuris
363 726 456 788 quom
479 709 555 788 quio
572 708 667 771 anius
685 707 776 788 11110
796 707 862 788 fuit
882 730 999 792 ponas:
1024 731 1040 773 e
1065 709 1365 774 seditiosis

137 815 262 899 magis
285 814 576 898 usurpationem
600 814 697 878 iuris
721 836 831 898 qnam
855 838 912 900 qu.
936 839 1013 900 squ.

229 919 306 986 Sine
338 921 405 985 ulla
432 921 532 1006 igitur
560 921 761 987 dubitatione
789 925 925 1006 utraque
958 926 1121 988 structura
1158 945 1267 1006 parem
1297 924 1364 986 vim

134 1050 215 1113 prae
240 1051 274 1092 se
296 1028 369 1111 fert,
392 1049 450 1092 nec
473 1027 578 1092 minus
597 1029 719 1093 clarum
743 1032 793 1093 est
811 1051 867 1094 eur
890 1029 1061 1113 scriptores
1085 1031 1225 1114 genetivi
1248 1051 1364 1115 gerun-

135 1137 203 1201 divi
219 1139 414 1201 structuram
433 1136 646 1220 praetulerint
663 1137 719 1200 ubi
739 1138 795 1200 aut
813 1140 918 1200 totum
934 1137 1137 1202 enuntiatum
1152 1137 1364 1220 appositionis

134 1247 170 1306 in
200 1242 304 1307 vicem
334 1243 427 1327 fungi
456 1264 537 1326 opus
564 1241 626 1306 fuit
649 1246 706 1305 111
729 1253 853 1307 101111
870 1243 1084 1326 appositionis
1112 1264 1243 1326 prorsus
1271 1251 1363 1326 re'pu-

134 1350 219 1414 diari
242 1351 365 1435 debuit,
388 1349 463 1433 quia
486 1349 645 1414 obiectum
670 1349 772 1413 defuit
795 1350 845 1413 cui
868 1349 1057 1414 inhaereret.

227 1457 394 1542 Exemplis
419 1457 463 1521 sic
488 1457 594 1520 allatis
618 1460 713 1540 atque
737 1455 910 1522 secundum
940 1477 1057 1541 genera
1080 1457 1245 1540 dispositis
1269 1457 1363 1522 facile

135 1566 201 1629 erit
224 1564 265 1628 ad
288 1564 538 1647 diiudicandum,
563 1585 657 1648 quem
679 1565 787 1628 locum
807 1561 979 1628 Sallustius
1003 1568 1036 1627 et
1053 1564 1197 1628 Velleius
1221 1566 1253 1626 et
1272 1563 1361 1628 Taci-
1458 1562 1463 1576 '

134 1677 189 1736 tus
213 1673 249 1736 in
273 1695 333 1736 usu
356 1671 413 1736 1110
441 1671 592 1755 loquendi
616 1671 789 1736 excolendo
812 1671 996 1754 obtineant,
1024 1693 1088 1755 qua
1115 1672 1149 1734 in
1176 1692 1210 1734 11
1235 1669 1361 1735 Velleio

133 1802 246 1863 parva,
269 1777 423 1844 Sallustio
443 1799 570 1864 magna,
594 1777 706 1842 Tacito
730 1799 856 1842 summa
878 1778 949 1842 laus
968 1778 1139 1842 tribuenda
1159 1782 1216 1842 est.
1252 1777 1361 1841 nescio

134 1887 237 1964 enim,
265 1908 328 1970 quo
351 1889 447 1970 pacto
470 1885 603 1949 factum·
617 1885 672 1968 sit,
700 1890 737 1949 ut
759 1885 918 1967 Velleius,
946 1906 1040 1969 quem
1068 1885 1198 1968 linguae
1226 1883 1361 1948 Latinae

133 1997 167 2057 et
196 1993 355 2058 novandis
388 1992 500 2058 formis
529 1995 563 2056 et
593 1992 699 2057 verbis
727 1991 926 2056 inveniendis
957 1995 1024 2054 tam
1053 1999 1207 2075 magnam
1230 2013 1360 2074 operam

131 2123 272 2166 navasse
296 2103 434 2184 constat,
461 2100 495 2164 in
518 2100 602 2164 hanc
630 2103 756 2183 partem
780 2121 857 2164 suae
886 2099 1000 2162 aetatis
1025 2099 1235 2182 scriptoribus
1260 2121 1361 2164 cesse-

132 2209 187 2272 rit.
223 2229 299 2270 nam
323 2229 422 2272 unum
446 2207 671 2271 tantummodo
693 2207 875 2291 exemplum
900 2207 940 2270 ad
963 2211 1056 2270 usum
1081 2195 1173 2271 illum
1195 2207 1360 2271 illustran-

131 2315 210 2378 dum
235 2315 377 2398 praebet
420 2314 638 2398 exemplorum
667 2336 749 2398 quae
782 2313 936 2378 Sallustio
965 2314 1116 2378 debemus
1150 2317 1254 2381 maior
1281 2339 1357 2399 pars

99 2442 103 2450 ’
130 2445 171 2485 ex
200 2421 410 2486 historiarum
436 2421 608 2506 fragment
599 2444 627 2484 11
655 2424 784 2504 sumpta
812 2424 875 2504 111,
908 2423 1004 2504 atque
1031 2421 1093 2486 hoc
1120 2423 1194 2486 inde
1222 2432 1358 2510 apparet

131 2529 253 2612 quod
244 2550 278 2592 1n
300 2528 445 2593 historiis
469 2529 597 2593 demum
621 2525 764 2593 Sallust'
729 2531 766 2591 tn
790 2549 842 2591 ars
866 2471 990 2592 dicendi
1020 2529 1060 2592 ad
1084 2551 1244 2595 summum
1268 2555 1359 2617 prae-

132 2635 273 2700 stantiae
308 2636 445 2720 gradum
479 2636 637 2719 pervenit,
673 2655 771 2719 quare
802 2635 879 2719 quid
913 2635 1082 2700 discrimen
1117 2637 1246 2703 intersit
1275 2641 1360 2705 inter

130 2742 288 2808 historias
312 2747 344 2807 et
367 2748 473 2808 cetera
496 2741 642 2808 Sallustii
666 2742 785 2826 scripta
814 2742 966 2806 facillime
991 2763 1180 2829 cognosceS,
1209 2746 1249 2830 si,
1279 2770 1358 2831 quae

130 2851 217 2914 ratio
245 2851 424 2916 intercedat
452 2851 537 2914 inter
559 2849 663 2913 Taciti
685 2849 838 2914 historias
863 2852 895 2913 et
919 2849 1065 2933 annales,
1092 2852 1225 2917 eandem
1254 2856 1358 2920 valere

131 2958 218 3021 inter
240 2955 386 3022 Sallustii
413 2957 565 3021 historias
595 2960 763 3039 ceteraque
792 2955 859 3019 eius
889 2956 1008 3039 scripta
1037 2959 1196 3024 statueris.
1236 2967 1358 3045 quanto

131 3064 269 3148 denique
299 3063 420 3149 ingenii
445 3064 591 3128 acumine
622 3063 753 3128 Tacitus
781 3062 934 3128 fueritin
963 3063 1014 3128 his
1042 3063 1154 3130 formis
1184 3070 1217 3130 et
1245 3069 1357 3153 ampli-

132 3172 266 3235 ficandis
291 3174 322 3235 et
344 3170 507 3235 variandis
531 3170 589 3254 ita,
620 3173 655 3232 ut
677 3174 789 3234 nostra
811 3169 940 3233 demum
965 3173 1071 3236 aetate
1090 3174 1291 3256 exploratum
1316 3179 1359 3242 sit

132 3301 231 3343 unum
256 3279 386 3342 subesse
414 3277 535 3342 idioma
557 3277 652 3362 idque
677 3277 953 3361 simplicissimum
978 3283 1009 3342 et
1033 3301 1105 3344 vere
1129 3281 1295 3364 Latinum,
1319 3308 1358 3349 ex

132 3390 284 3450 accurata
303 3385 520 3468 exemplorum
544 3385 793 3468 perlustratione
812 3384 996 3469 perspicias
1021 3408 1156 3470 quorum
1180 3391 1247 3452 tam
1268 3391 1358 3456 varia

131 3513 253 3578 genera
278 3495 409 3577 tamque
437 3492 538 3556 libera
566 3513 637 3555 esse
663 3492 781 3576 voluit,
814 3495 850 3554 ut
878 3491 987 3555 omnia
1016 3516 1098 3577 quae
1130 3497 1356 3563 antecedentes

132 3600 305 3683 scriptores
319 3602 569 3684 procreaverunt
585 3601 769 3682 complexus
785 3599 836 3683 111,
855 3599 1015 3681 permulta
1034 3599 1102 3683 ipse
1117 3603 1356 3688 excogitaverit.

131 3711 273 3771 ceterum
299 3707 383 3791 quod
407 3729 640 3791 nonnunquam
664 3705 698 3769 in
721 3729 780 3770 usu
801 3710 1048 3789 structurarum,
1069 3729 1151 3791 quae
1170 3731 1356 3793 expressum

132 3817 188 3878 aut
207 3813 361 3878 novitatis
386 3818 442 3877 aut
461 3813 613 3876 audaciae
633 3815 762 3898 signum
783 3835 860 3896 prae
885 3835 918 3877 se
942 3814 1064 3899 ferunt,
1088 3815 1253 3882 observari
1273 3819 1356 3904 11111,

131 3923 229 3985 etiarn
253 3921 305 3984 hic
330 3921 445 3985 mirum
469 3921 503 3984 in
523 3919 654 3984 modum
673 3920 802 3985 accidit:
827 3919 972 3986 videmus
995 3922 1094 4007 enim,
1118 3923 1152 3986 in
1177 3924 1356 3990 minoribus

130 4051 213 4113 quae
248 4031 405 4091 vocantur
439 4027 566 4110 scriptis
600 4025 749 4091 Tacitum
782 4027 1044 4093 insolentioribus
1077 4032 1259 4114 structuris,
1292 4034 1355 4096 nisi

130 4137 274 4218 priorum
298 4157 358 4198 usu
381 4134 445 4197 iarn
473 4136 570 4197 notae
595 4138 701 4216 erant,
725 4135 910 4199 cautissime
934 4135 1110 4220 abstinere,
1140 4142 1174 4200 at
1196 4139 1231 4201 in
1254 4139 1354 4202 histo-

129 4243 187 4306 riis
211 4262 344 4326 magno,
367 4241 400 4304 in
424 4241 594 4305 annalibus
620 4241 777 4325 singulari
802 4242 908 4306 studio
930 4242 1161 4307 audacissimas
1185 4245 1354 4310 11111111-

129 4349 313 4433 plicandum
343 4347 549 4412 difficillimas
579 4348 664 4411 admi
666 4352 756 4412 t.tere
802 4352 860 4431 opt
860 4349 923 4412 ime
950 4349 1049 4434 igitur
1077 4349 1175 4414 etiam
1203 4351 1264 4414 hoc
1294 4374 1353 4416 usu

129 4455 208 4519 ordo
233 4455 426 4538 scriptorum
450 4476 543 4537 quem
567 4453 733 4518 Woelfflin
758 4455 861 4518 consti
851 4455 926 4520 11111
912 4457 1118 4520 1110111111
1105 4460 1169 4522 tur:
1198 4458 1354 4584 dialogus,

129 4561 296 4647 Agricola,
321 4558 506 4646 Germania,
529 4560 595 4624 hist
582 4561 696 4646 toriae,
720 4562 860 4627 annales.
