3300 5224
467 339 509 392 De
528 337 740 407 participiorum
758 355 811 390 usu
828 336 1029 407 praedicativo.
1321 337 1362 400 79

134 505 320 565 ostentantes
342 501 505 582 quiescenti
532 503 569 563 nt
590 501 693 564 atiena
716 500 948 582 exprobrabant.
990 497 1034 581 11,
1058 498 1101 563 85
1130 505 1190 563 trcs
1211 499 1364 564 Moesicae

136 608 267 690 iepioacs
283 627 343 689 per
365 607 506 688 epistolas
524 607 701 671 alliciebant
718 605 935 670 Pannonicum
953 607 1117 669 66666666
1139 611 1197 670 aut
1218 608 1365 671 abnuenti

134 715 200 778 cim
212 714 380 796 parabant.
410 711 467 796 ΙΙΙ,
488 712 531 776 54
553 714 664 794 666666
681 713 847 776 continenti
869 712 1112 793 consultantique
1133 719 1282 794 superant
1298 735 1365 796 spes

137 822 283 903 viresque.
314 818 372 902 111,
388 819 430 883 63
453 820 575 882 relictae
596 819 691 882 simut
714 838 729 880 e
751 818 925 881 uictricibus
948 817 1076 900 tepicncs
1098 839 1192 900 neque
1214 821 1365 901 6666666-

138 928 220 1000 tibus
239 947 348 1008 proces
370 930 399 990 ct
424 927 571 988 aduersus
594 924 817 988 contumaciam
845 925 974 987 euticiae.
1015 923 1079 1005 ΙΙΙ,
1108 925 1149 989 66
1174 928 1366 991 moriendum

138 1034 226 1097 uictis
253 1032 445 1095 cruciendam
473 1031 590 1094 deditis.
631 1028 688 1111 IV,
715 1029 753 1092 17
784 1030 978 1094 innuentibus
1000 1030 1151 1096 bonoratu
1178 1033 1293 1095 militia
1320 1033 1365 1096 ati-

135 1139 344 1222 prertientibus
365 1137 466 1218 spotia
487 1136 703 1202 Romanorum
726 1136 938 1216 offerebantur.
980 1137 1038 1218 IV,
1061 1137 1103 1202 32
1132 1137 1259 1220 denique
1277 1159 1367 1203 ausos

140 1251 198 1310 anet
219 1245 343 1310 tibertus
365 1248 504 1325 sequetur
526 1247 583 1306 ant
603 1243 675 1306 uicti
698 1244 779 1308 idem
801 1245 924 1307 erimus.
953 1242 1009 1326 IV,
1033 1245 1075 1308 66
1099 1243 1208 1309 Ciuilis
1230 1247 1368 1310 socictate

139 1351 419 1434 Aprippinmsiam
437 1354 545 1414 unctas
561 1351 725 1431 monimus
742 1352 878 1428 unitates
896 1350 1040 1430 affectare
1058 1356 1116 1415 aut
1136 1353 1368 1417 adamantibus

141 1460 252 1523 bellam
279 1458 395 1538 inferre
421 1457 537 1521 stataet.
580 1456 662 1520 Veli.
686 1456 732 1540 ΙΙ,
758 1458 819 1521 107
848 1461 956 1521 nostra
979 1458 1100 1537 quidem
1125 1459 1207 1539 furit
1228 1461 1369 1524 iuuentus

140 1586 220 1647 quae
242 1585 311 1629 cum
334 1568 466 1628 oestrum
484 1583 598 1626 666666
626 1561 797 1627 absentiam
820 1563 900 1627 catat
920 1566 1132 1645 praesentium
1149 1568 1255 1646 potius
1277 1587 1369 1630 arma

140 1673 251 1737 metuit
271 1692 366 1752 qnam
388 1672 526 1752 sequitur
546 1671 646 1752 fidem.

141 1850 173 1914 6.
202 1850 247 1913 De
265 1846 439 1930 participle
458 1847 645 1930 praesentis,
665 1847 809 1931 perfecti,
834 1847 939 1914 iuturi
959 1847 1043 1931 quoi
1060 1847 1150 1914 nullo
1169 1847 1279 1914 addito
1299 1850 1369 1914 sub·

242 1954 387 2020 stantivo
410 1954 445 2018 in
468 1953 570 2019 locum
594 1955 755 2020 enuntiati
778 1955 955 2020 concessivi
979 1954 1191 2019 substitutum
1214 1956 1273 2021 est.

234 2080 308 2144 Tac.
333 2101 404 2144 ann.
427 2079 453 2162 Ι,
475 2080 521 2143 13
538 2079 699 2162 Anpustas
721 2101 791 2145 cum
814 2085 959 2145 tractaret
980 2081 1108 2161 quinam
1132 2082 1263 2162 adipisci
1281 2083 1371 2163 prin-

141 2190 241 2271 cipem
265 2188 363 2253 locum
386 2185 545 2281 suffecturi
567 2186 740 2250 abnuerent.
772 2185 797 2269 Ι,
823 2188 864 2251 72
886 2207 998 2251 nemea
1014 2188 1119 2268 patris
1136 2189 1262 2268 patriae
1287 2189 1371 2252 Tibe·

141 2297 213 2359 rias
236 2316 257 2358 a
279 2294 394 2375 populo
422 2293 545 2375 saepias
573 2294 723 2374 inpcstam
745 2294 926 2374 repudiauit.
967 2293 996 2376 Ι,
1021 2293 1064 2357 65
1091 2296 1250 2358 incautam
1274 2294 1371 2377 Cotyn

141 2407 174 2466 et
196 2452 203 2465 .
224 2451 231 2464 .
250 2451 257 2465 .
277 2450 284 2464 .
307 2417 399 2464 sacra
425 2401 512 2482 repni
534 2401 666 2467 ciusdem
687 2400 831 2480 familiae
853 2402 922 2465 deos
944 2405 973 2464 ct
993 2400 1154 2482 hospitatis
1180 2422 1301 2466 mensas
1325 2402 1372 2465 ab

143 2511 304 2574 testantem
332 2507 447 2570 catenis
476 2511 590 2571 ararat.
632 2506 679 2588 ΙΙ,
703 2506 746 2570 60
772 2508 912 2572 Tiberias
934 2509 997 2572 nim
1019 2509 1217 2589 principatus
1238 2509 1298 2572 sibi
1320 2510 1372 2590 fir-

143 2635 239 2680 mans
261 2614 428 2694 imapincm
451 2613 647 2694 antiquitatis
669 2613 792 2677 senatui
807 2614 980 2695 praebebat.
1022 2614 1111 2698 XIV,
1136 2616 1175 2679 61
1205 2617 1241 2679 in
1267 2615 1373 2679 arbem

144 2723 217 2804 ipssa
233 2724 373 2803 perperat
395 2721 438 2784 aei
458 2721 546 2784 cuias
568 2725 679 2784 natam
701 2719 834 2784 absentis
858 2721 1006 2784 trunuttas
1029 2722 1187 2786 cierentur.
1222 2722 1297 2786 hist.
1315 2721 1373 2805 IV,
1473 2757 1478 2762 ·

145 2829 168 2892 3
197 2827 438 2892 transrhenanos
460 2827 615 2908 proelium
637 2827 790 2907 poscentis
817 2828 860 2890 aci
884 2828 1083 2892 scindendam
1109 2829 1227 2927 cattam
1249 2831 1295 2893 ire
1326 2831 1373 2894 dc·
1492 2908 1496 2914 Ι

145 2940 306 3016 trusosque
328 2933 536 3014 redinteprarc
557 2937 708 2996 certamen
730 2933 819 3000 iubet.

256 3112 292 3176 D.
335 3111 379 3174 De
402 3106 557 3191 gerundia
581 3109 742 3174 enuntiati
765 3108 992 3176 condicionalis
1015 3111 1086 3176 vice
1110 3111 1267 3195 fungenti.

240 3235 378 3300 Medulis
403 3235 545 3314 ablativi,
560 3234 708 3318 gerundii
731 3258 807 3300 usus
831 3236 1110 3323 primus-Madvig
1138 3241 1296 3303 rationem
1319 3239 1376 3304 ha-

151 3345 237 3429 buit3
271 3343 309 3407 de
333 3341 546 3406 condicionali
579 3345 686 3418 autem
714 3365 775 3407 usu
806 3344 929 3408 frustra
961 3345 1062 3408 libros
1090 3347 1375 3428 grammaticorum

150 3451 334 3534 pervolutes
359 3471 395 3512 66
423 3451 533 3512 tamen
557 3448 629 3512 luce
657 3449 775 3514 clarius
799 3455 849 3514 est
872 3451 956 3535 apud
979 3449 1139 3515 Velleium
1163 3451 1209 3535 ΙΙ,
1235 3453 1298 3516 125
1325 3473 1377 3518 ne-

151 3580 208 3642 que
230 3559 286 3624 otiu
309 3556 403 3620 tatuit
425 3559 481 3619 aut
502 3555 579 3635 6666
599 3576 662 3619 666
680 3557 872 3638 impetrando
891 3559 1021 3638 passuri
1041 3559 1207 3639 fuissemus
1230 3563 1286 3622 aut
1302 3559 1379 3639 quid

151 3665 344 3748 inpetrando
362 3663 597 3744 profecissemus
620 3661 811 3746 gerundium
834 3663 994 3729 inlocum
1014 3665 1173 3729 enuntiati
1197 3664 1377 3729 secundarii

154 3769 353 3838 condicionis
385 3769 517 3833 notione
547 3768 688 3852 praediti
720 3770 930 3834 substitutum
959 3792 1037 3835 esse.
1083 3793 1159 3835 nam
1186 3771 1276 3855 quid
1303 3795 1378 3837 non

153 3876 398 3962 impetrando
422 3876 577 3958 passuri
601 3875 807 3941 fuissemus
832 3899 931 3962 aeque
950 3880 1036 3943 valet
1056 3899 1092 3943 ac
1112 3879 1200 3962 quid
1223 3880 1378 3962 passuri

152 3986 361 4050 fuissemus
385 3981 461 4045 nisi
485 3982 842 4065 impetravissemus
866 3983 922 4068 (sc.
946 3989 1023 4051 vota
1044 3984 1180 4069 nostra).

243 4090 319 4154 Alia
335 4089 469 4153 huiusce
488 4087 615 4172 generis
632 4089 778 4171 exempla
795 4112 863 4155 non
880 4091 1045 4156 habemus.

719 4287 738 4365 e
765 4287 814 4349 ie.

153 4424 203 4478 De
219 4418 374 4490 genetivo
393 4417 615 4488 inprimisque
631 4418 673 4473 de
690 4419 846 4485 genetivo
861 4435 921 4489 per
936 4421 1069 4490 ellipsin
1082 4421 1186 4490 vulgo
1201 4421 1379 4490 explicato.

246 4552 334 4630 Quae
358 4551 479 4615 fuerint
496 4551 593 4616 huius
617 4575 693 4617 usus
713 4553 893 4636 explicandi
912 4557 1002 4619 veria
1020 4555 1201 4618 tentamina
1219 4555 1380 4638 copiosius

157 4682 314 4746 exponere
342 4659 507 4723 nolumus:
537 4659 646 4723 omnia
668 4681 735 4724 non
761 4682 857 4744 posse
880 4661 964 4725 falsa
987 4665 1019 4725 et
1048 4683 1198 4745 perversa
1221 4683 1288 4726 non
1312 4684 1381 4727 esse
