3330 5228
269 290 312 354 52
806 291 896 362 Caput
913 292 961 348 ΠΙ.

270 475 343 516 cum
368 453 514 518 subiecto
534 455 714 519 communio
740 460 802 541 est,
825 459 936 520 tamen
960 457 1050 520 verbi
1073 459 1224 521 naturam
1248 477 1313 522 non
1338 457 1504 523 amisisse.

269 569 383 624 dativo
407 560 502 625 huius
527 565 707 626 structurae
732 559 904 627 Sallustius
928 561 1071 626 Velleius
1096 562 1227 628 Tacitus
1258 565 1308 628 usi
1335 586 1403 628 non
1426 585 1505 628 esse

271 667 427 732 videntur.
464 668 564 732 etiam
582 666 667 733 Livii
685 655 837 753 'exempla
861 669 888 732 si
908 667 1154 751 amplitudinem
1178 671 1376 753 scriptorum
1394 670 1502 753 respi-

268 775 334 838 cias
361 797 521 858 perpauca
549 773 660 859 sunt.¹)
690 811 732 822 -
765 774 888 840 Maiore
916 797 988 840 oum
1016 775 1229 842 delectatione
1258 777 1432 859 scriptores
1460 777 1502 840 in

268 891 452 947 accusativi
478 882 643 967 participii
675 881 754 966 perf.
782 904 868 966 pass.
901 904 974 947 cum
1002 881 1205 948 substantivo
1234 882 1402 947 coniuncti
1434 905 1500 947 usu

268 989 388 1054 versati
412 992 501 1072 sunt,
530 988 571 1052 ad
594 1010 688 1073 quem
711 989 876 1071 pertinent
903 987 977 1052 Tac.
1001 975 1075 1053 ann]
1093 988 1156 1072 III,
1175 989 1209 1053 b:
1239 989 1378 1070 quotiens
1394 1010 1500 1072 popm

268 1095 316 1160 ius
342 1095 506 1160 Romanus
535 1096 634 1160 clades
665 1097 829 1160 maritum
859 1095 1019 1160 interitum
1050 1097 1162 1161 ducum
1187 1096 1333 1177 funditus
1360 1098 1501 1165 amesae

266 1202 381 1268 nobiles
402 1202 545 1283 familias
568 1207 741 1267 constanter
764 1202 875 1266 tulerit.
912 1200 969 1284 IV,
986 1203 1031 1266 42
1054 1201 1170 1268 naeu
1192 1203 1338 1268 abiectam
1359 1205 1420 1268 sebi
1441 1206 1499 1269 ad-

267 1329 371 1373 uersus
393 1328 460 1373 reos
482 1308 707 1372 inclementiam
730 1357 737 1372 .
757 1357 764 1373 .
784 1358 791 1370 .
814 1308 982 1390 amplenns.
1023 1306 1086 1392 ΠΙ,
1111 1308 1152 1374 66
1176 1309 1325 1376 obiectant
1345 1312 1498 1376 uiolatum

266 1414 403 1496 Aupusti
432 1433 544 1478 numen
560 1469 562 1476 .
576 1419 709 1496 spretam
742 1414 858 1478 Tiberii
889 1415 1087 1478 maiestatem.
1128 1410 1299 1500 hisr.1,‘8
1327 1418 1499 1482 chtcium

266 1520 444 1602 Capitonem
475 1511 606 1586 occisum
638 1521 890 1603 indipuabautur.
933 1519 964 1604 Ι,
988 1521 1031 1585 60
1066 1521 1233 1588 Trebellius
1262 1525 1441 1589 seditionem
1467 1531 1501 1589 ct

264 1629 425 1708 conrirsum
464 1628 601 1692 ordinem
638 1629 820 1710 discipliuae
855 1627 959 1693 Caelio
992 1628 1141 1709 spoliatas
1170 1635 1199 1694 et
1230 1631 1336 1712 inopes
1365 1633 1501 1714 inpiam

265 1733 388 1799 Ocelim
412 1735 559 1798 Trebellio
587 1734 759 1798 obieetabat.
810 1735 892 1800 Veli
912 1733 957 1817 H,
975 1735 1018 1798 47
1042 1755 1137 1818 neque
1158 1737 1325 1818 defuissent
1346 1740 1402 1820 qui
1420 1788 1427 1802 .
1442 1789 1497 1804 ...

258 1841 429 1921 probarent
447 1861 527 1908 ‚arm
558 1841 652 1904 ciuem
687 1843 817 1906 ocenum
849 1861 909 1922 quo
936 1861 1024 1906 neme
1050 1843 1255 1923 perniciosior
1282 1845 1328 1909 rei
1351 1845 1498 1927 publicae

264 1967 359 2027 neque
381 1946 469 2011 bouis
490 1947 674 2011 inimicitior
695 1949 822 2012 mear.

356 2050 508 2118 Ceterum
522 2052 705 2118 Luebberto
725 2074 791 2119 non
812 2055 1005 2118 assentimur
1025 2057 1179 2120 statuenti
1199 2060 1380 2123 structurae
1398 2059 1495 2124 huius

267 2161 300 2225 in
324 2160 507 2225 accusativo
531 2159 660 2244 positae
683 2183 749 2225 non
774 2161 909 2225 eandem
933 2160 1118 2226 libertatem
1142 2185 1227 2248 esse,
1250 2187 1347 2250 quem
1374 2165 1409 2228 in
1436 2187 1494 2230 uo-

265 2267 421 2332 minativo
445 2288 547 2351 neque
572 2267 665 2331 aliter
684 2289 754 2332 eam
780 2266 909 2332 admitti
932 2267 996 2331 nisi
1019 2269 1103 2332 ratio
1123 2271 1232 2355 aliqua
1255 2273 1358 2337 facilis
1376 2294 1435 2356 per
1460 2294 1494 2337 se

265 2375 305 2439 ad
325 2374 579 2458 intellegendum
598 2373 684 2438 inter
703 2373 865 2438 obiectum
884 2373 1063 2439 intercedat
1082 2378 1114 2440 et
1128 2378 1355 2460 praedicatum.
1395 2401 1493 2462 quam

265 2482 450 2564 opinionem
468 2503 535 2546 non
554 2483 676 2544 rectam
695 2501 764 2544 esse
784 2483 816 2544 et
835 2480 988 2563 exemplis
1008 2502 1027 2544 a
1046 2480 1230 2548 Luebberto
1249 2485 1321 2569 ipso
1339 2506 1370 2567 p.
1392 2485 1433 2549 16
1452 2507 1491 2548 ex

264 2586 355 2653 Livio
376 2591 408 2651 et
427 2610 446 2653 a
464 2609 515 2650 me
535 2609 572 2650 ex
592 2586 704 2652 Tacito
724 2590 756 2651 et
771 2586 899 2651 Velleio
918 2587 1081 2672 congestis
1101 2590 1222 2674 optime
1242 2591 1491 2656 demonstratur.

353 2694 423 2758 lam
459 2694 692 2759 consideranda
724 2692 852 2758 videtur
884 2716 922 2757 ea
954 2695 1091 2780 species,
1123 2718 1205 2780 quae
1238 2698 1382 2762 ablativo
1416 2720 1492 2764 cusu

264 2801 379 2883 utitur,
399 2801 488 2864 ouius
508 2800 593 2884 apud
613 2799 801 2865 Sallustium
821 2803 853 2864 et
866 2799 1027 2864 Velleium
1045 2823 1105 2885 pro
1124 2803 1337 2886 amplitudine
1356 2805 1491 2889 scripto·

264 2931 335 2972 rum
363 2931 430 2973 non
457 2930 574 2992 pauca,
603 2907 687 2991 apud
716 2906 864 2972 Tacitum
893 2910 1002 2971 autem
1029 2909 1080 2972 tot
1107 2913 1237 2975 exstant
1266 2911 1425 2995 exempla,
1455 2915 1492 2976 ut

266 3039 304 3080 ex
327 3016 390 3080 hac
408 3016 480 3098 ipsa
498 3037 531 3078 re
551 3015 698 3098 colligas,
722 3015 821 3080 etiam
841 3037 860 3079 a
880 3013 1024 3098 priorum
1044 3014 1236 3098 scriptorum
1256 3039 1317 3082 usu
1336 3017 1490 3102 loquendi

263 3122 348 3186 hanc
368 3124 561 3186 structuram
581 3142 647 3185 nou
666 3121 804 3184 alienam
825 3143 894 3185 esse
913 3120 1070 3204 potuisse,
1093 3121 1178 3206 quod
1198 3122 1327 3206 quidem
1351 3125 1490 3188 nonnul·

263 3229 303 3294 lis
328 3229 481 3312 exemplis
500 3227 659 3292 Plautinis
678 3227 942 3311 Terentianisque
965 3225 1185 3293 aLuebberto
1205 3229 1349 3294 collectis
1369 3229 1413 3314 (p.
1433 3229 1489 3315 18)

265 3336 514 3402 demonstratur.
560 3337 702 3399 ceterum
736 3357 833 3419 quam
865 3335 1029 3399 mutabilis
1061 3335 1235 3420 variisque·
1256 3336 1400 3403 fortuitis
1432 3337 1490 3402 im-

265 3443 414 3527 pulsibus
437 3442 568 3526 linguae
591 3441 730 3506 historia
753 3442 894 3508 obnoxie
917 3442 961 3506 sit
983 3441 1082 3505 etiam
1105 3442 1167 3506 heo
1186 3442 1356 3510 occasione
1379 3443 1491 3508 oblata

263 3549 477 3632 intellegitur,
508 3571 579 3614 oum
606 3548 693 3612 enim
722 3551 884 3612 structura
913 3547 1076 3631 participii
1101 3549 1181 3630 perf.
1206 3570 1290 3632 pass.
1317 3570 1389 3614 oum
1416 3550 1490 3614 sub-

265 3657 405 3721 stantivo
429 3656 593 3721 coniuncti
619 3654 654 3718 in
682 3653 825 3719 ablativo
850 3676 926 3718 casu
954 3653 1137 3736 dependens
1161 3653 1366 3718 elocutione
1395 3676 1489 3738 opus

265 3766 323 3825 est
355 3761 439 3846 apud
469 3761 621 3825 Plautum
654 3764 686 3824 et
717 3759 905 3824 Terentium
938 3759 1109 3824 admodum
1136 3759 1287 3844 frequens
1315 3761 1371 3843 sit,
1405 3760 1490 3845 apud

263 3868 389 3933 Livium
413 3873 445 3933 et
469 3866 655 3934 Sallustium
681 3865 765 3952 (Cat.
790 3867 847 3950 31,
867 3869 900 3931 7:
932 3887 971 3931 ne
992 3866 1204 3932 eaistimarent
1224 3866 1284 3931 sibi
1311 3915 1399 3930 ....
1416 3888 1490 3948 pcr-

263 3977 331 4040 dita
347 3977 503 4059 republica
520 3996 596 4058 opus
614 3974 689 4060 esse)
712 3996 827 4058 paene,
850 3973 936 4057 apud
954 3972 1115 4038 Velleium
1135 3976 1168 4036 et
1186 3972 1334 4038 Tacitum
1353 3995 1488 4056 prorsus

264 4084 411 4148 obsoleta
438 4087 496 4148 est.
541 4083 574 4146 in
603 4081 758 4165 exemplis
787 4103 869 4165 quae
902 4080 986 4144 infra
1008 4079 1227 4144 enumeraturi
1261 4101 1371 4143 sumus
1401 4079 1488 4144 abla-

263 4191 350 4254 tivus
373 4190 536 4273 participii
563 4190 752 4273 plerumque
781 4210 800 4251 a
823 4187 942 4270 verbis,
970 4188 1074 4252 rarius
1099 4187 1140 4251 ab
1172 4186 1337 4251 adiectivis
1360 4187 1489 4270 pendet,

263 4296 350 4381 (octo
374 4300 451 4362 sunt
474 4297 632 4380 exempla,
654 4296 688 4359 in
711 4294 827 4379 quibus
854 4293 1046 4357 adiectivum
1069 4294 1104 4356 in
1130 4293 1218 4357 verbi
1241 4293 1346 4356 locum
1370 4293 1489 4358 substi-

141 4414 148 4427 ·
263 4404 373 4468 tuitur.
423 4403 486 4468 huo
518 4404 660 4487 pertinet
692 4401 789 4466 etiam
819 4399 893 4462 hist.
921 4396 966 4483 ΙΙ,
993 4398 1029 4461 11
1063 4400 1228 4483 praecipui
1251 4399 1343 4479 saum
1375 4403 1489 4480 peracta

263 4545 475 4552 1—-—-—-.

337 4632 361 4698 1)
382 4629 421 4685 Cl.
442 4629 597 4695 Luebbert‚
615 4647 643 4698 p.
664 4633 704 4686 18.
