3330 5228
276 236 320 300 32
817 235 909 304 0²9⁰*
926 235 961 288 ll

273 421 313 464 uc
334 404 391 464 aiut
509 403 566 462 aut
591 398 663 462 terre
688 399 808 462 meritis
824 400 970 478 macrum
991 399 1037 461 ad
1056 399 1223 460 arbitrium
1246 400 1313 462 aas
1334 395 1515 485 (Pompei)

269 507 520 590 persolverentur.
1000 561 1009 572 .

425 649 457 714 c.
488 648 534 713 De
555 647 730 731 participio
752 647 857 713 taturi
878 648 982 714 activi
1005 649 1040 712 et
1060 648 1186 731 passivi
1207 648 1344 730 generis

487 784 519 848 a)
541 782 659 838 activi:
1168 782 1173 790 '

365 880 427 945 Hic
449 903 528 944 usus
551 881 603 944 vel
625 881 764 945 maxime
786 883 947 946 notandus
970 887 1034 964 cst,
1056 881 1142 966 quod
1164 882 1304 966 perbene
1328 904 1368 946 ex
1391 904 1430 946 eo
1454 883 1507 947 in-

275 988 454 1073 tellegitur,
483 991 683 1071 quantopere
704 990 860 1072 temporis
883 989 1018 1052 decursu
1041 1011 1119 1052 usus
1146 988 1300 1074 loquendi
1327 989 1379 1052 sni
1407 989 1506 1053 dissi-

274 1094 363 1158 milis
391 1093 461 1158 fieri
487 1095 606 1178 possit,
635 1093 829 1178 simulatque
859 1117 879 1158 a
911 1096 1009 1159 salita
1039 1095 1094 1158 via
1122 1095 1255 1158 recessit
1288 1117 1394 1178 neque
1427 1119 1506 1160 raro

274 1201 346 1284 ipsa
369 1222 407 1264 ea
428 1199 569 1265 libenter
591 1200 735 1285 admisit,
757 1222 840 1285 quae
863 1205 959 1265 antea
981 1202 1152 1285 repudiata
1174 1205 1208 1264 et
1230 1201 1371 1264 sollicite
1393 1203 1502 1267 vitata

275 1311 361 1371 sunt.
397 1307 544 1391 exempla
567 1312 643 1371 sunt
669 1307 762 1372 haec:
799 1307 872 1371 Tac.
896 1331 969 1372 anu
992 1307 1052 1389 VI,
1075 1309 1119 1370 22
1142 1308 1294 1388 plurimis
1317 1310 1504 1373 mortalium

274 1434 338 1479 uou
355 1415 503 1479 eximitur
518 1415 596 1497 quia
614 1464 688 1479 ....
713 1418 842 1477 uentura
864 1415 1124 1478 destinarucr'sed
1139 1415 1292 1495 mmmm
1309 1435 1395 1479 sacrm
1414 1466 1421 1478 .
1441 1467 1448 1479 .
1469 1469 1476 1480 .
1495 1467 1506 1483 .

274 1521 381 1586 mure
404 1522 543 1602 fallaciis
568 1523 681 1604 maara
704 1523 878 1586 dicentium.
923 1521 986 1605 XI,
1009 1521 1053 1585 34
1083 1543 1146 1585 amr
1174 1523 1240 1586 ideo
1266 1523 1399 1603 peruicit
1425 1525 1504 1604 quatu

274 1648 423 1710 suspensa
444 1633 474 1693 et
493 1650 552 1711 quo
574 1630 756 1694 ducerentur
777 1629 970 1693 inclinatura
993 1631 1191 1710 responderet.
1231 1625 1309 1693 salt
1331 1628 1403 1712 Ing.
1425 1628 1458 1709 I,
1482 1630 1504 1692 5

270 1735 449 1818 profutura.
466 1772 504 1781 -
526 1735 698 1800 Adduntur
712 1737 875 1819 exempla,
894 1736 951 1799 ubi
964 1736 1173 1818 participium
1187 1737 1367 1800 masculino
1382 1758 1499 1820 genere

275 1841 385 1905 utitur.
426 1841 501 1916 Tac.
525 1863 598 1906 ann.
624 1841 724 1926 vl,1
757 1863 841 1925 spem
870 1844 992 1907 centuri
1018 1843 1181 1907 simulans.
1221 1842 1326 1927 Vl,l
1359 1863 1398 1906 uc
1425 1843 1504 1924 pari

276 1949 373 2012 taatio
396 1947 524 2013 lecturos
546 1949 705 2030 afficerent
724 1955 873 2014 vacatur.
910 1947 989 2032 XII,
1012 1949 1056 2012 50
1081 1951 1118 2013 iu
1141 1955 1272 2030 tempore
1293 1949 1498 2014 rebellaturos.

153 2117 162 2134 ,
274 2053 357 2119 Vell.
376 2053 424 2136 ΙΙ,
446 2055 506 2119 101
533 2059 599 2120 tum
619 2059 705 2121 uarie
727 2057 772 2121 ui
792 2077 824 2121 sc
842 2057 938 2138 pessit
957 2061 994 2118 at
1009 2077 1064 2120 uec
1086 2056 1289 2120 laudatumm
1310 2077 1427 2138 mapua
1448 2078 1503 2120 uec

274 2162 521 2242 vituperamur
544 2165 704 2230 muueris
721 2165 854 2229 materia
876 2165 1006 2246 deficiat.
1043 2163 1189 2247 exempla
1207 2162 1347 2226 aliorum
1366 2163 1500 2247 scripto-

276 2289 349 2332 rum
372 2269 468 2342 nobis
490 2273 569 2336 nota
591 2292 658 2337 non
681 2275 758 2336 sunt
779 2293 883 2355 neque
907 2270 1110 2356 grammatici
1135 2270 1215 2333 talia
1236 2270 1414 2353 proferunt.

433 2402 469 2466 b]
492 2405 630 2474 passivi:

361 2498 471 2564 Etiam
490 2501 570 2566 haec
588 2502 769 2586 proprietas
790 2524 871 2587 quae
891 2502 1060 2586 perpaucis
1080 2502 1234 2584 exemplis
1249 2503 1433 2566 continetur
1446 2502 1500 2565 ad·

274 2605 407 2670 modum
417 2608 638 2673 memorabilis
649 2613 705 2693 est,
715 2633 791 2674 nam
799 2631 872 2674 cum
884 2608 1022 2673 aTacito
1032 2630 1165 2691 prorsus
1175 2608 1500 2692 repudietur,Velleio

277 2717 310 2778 et
333 2711 486 2780 Sallustio
515 2737 582 2780 non
609 2714 783 2801 displicuit.
829 2738 925 2800 saepe
953 2717 1039 2780 enim
1067 2715 1116 2799 fic,
1148 2719 1185 2778 ut
1212 2737 1294 2800 quae
1323 2717 1500 2780 insolentes

277 2823 459 2887 structurae
487 2822 521 2886 iu
549 2820 654 2887 Taciti
682 2825 811 2908 scriptis
840 2809 1062 2907 inveniuntur,
1090 2843 1145 2886 eas
1167 2819 1313 2885 Velleius
1341 2825 1375 2885 et
1398 2819 1501 2886 Sallu-

275 2927 356 2993 stius
388 2930 557 3012 respuant,
589 2927 645 2992 sed
672 2931 837 2995 rarissime
865 2928 1062 2994 contrarium
1094 2928 1219 2992 accidit.
1265 2949 1370 3012 neque
1403 2928 1498 2991 ceteri

275 3034 448 3118 scriptores
476 3034 562 3099 hunc
586 3057 679 3099 usum
703 3036 843 3120 amplexi
867 3038 952 3118 sunt,
976 3036 1004 3098 si
1027 3034 1154 3119 quidem
1184 3033 1222 3098 de
1245 3033 1306 3098 hac
1329 3056 1363 3098 re
1387 3034 1500 3099 subtili

274 3140 493 3224 grammaticis
502 3141 581 3205 fides
591 3139 739 3206 habenda
750 3145 807 3206 est.
822 3139 1049 3224 Naegelsbach
1056 3139 1081 3226 ¹)
1092 3142 1180 3205 enim
1191 3163 1291 3205 unum
1299 3139 1500 3224 [naitanum

275 3244 480 3332 Quintiliani,
503 3269 604 3312 unum
629 3245 766 3313 Senecae
790 3249 972 3332 exemplum
995 3251 1234 3313 commemorat.
1272 3243 1419 3310 Sallustii
1442 3247 1500 3310 im-

273 3353 451 3440 primisque
473 3351 577 3418 Vellei
605 3353 753 3438 exempla
782 3353 1039 3418 luculentissima
1067 3358 1156 3419 sunt:
1195 3352 1280 3419 Vell.
1302 3351 1333 3436 Ι,
1358 3353 1398 3416 12
1426 3353 1502 3434 quia

273 3461 421 3525 crateuda
442 3459 659 3541 afferebantur.
696 3458 726 3544 Ι,
748 3460 786 3524 17
811 3461 875 3524 uisi
896 3481 1006 3542 aspera
1024 3481 1061 3526 ac
1083 3462 1177 3525 rudia
1199 3464 1318 3542 repetas
1336 3463 1366 3522 et
1385 3460 1502 3524 iacenti

274 3567 398 3632 uouiue
420 3567 588 3632 uaccam.
624 3568 671 3651 ΙΙ,
697 3567 760 3632 130
787 3569 918 3632 doteuda
940 3569 1039 3632 actim
1061 3569 1234 3632 rettulimus
1256 3566 1437 3632 ocuuuctum
1460 3568 1503 3630 act

275 3673 472 3738 crubescenda
494 3679 545 3738 ost.
587 3673 638 3757 II,
662 3675 704 3740 56
725 3676 865 3740 uuuibus
887 3677 1036 3740 audeatis
1056 3676 1288 3758 paratissimus.
1330 3670 1408 3737 Sall.
1432 3671 1501 3738 cac

277 3779 332 3862 10,
356 3779 378 3843 2
406 3782 549 3862 optaucta.
594 3779 663 3866 lug.
684 3782 740 3866 64,
762 3783 779 3846 1
804 3783 854 3846 cui
876 3802 1064 3864 quamquam
1081 3782 1180 3845 uirtus
1199 3781 1302 3864 pluria
1324 3784 1415 3862 atque
1436 3781 1502 3845 atta

275 3887 410 3968 optaucta
428 3886 514 3953 bouis
531 3889 719 3970 superaturi
740 3894 842 3955 tamea
855 3891 959 3954 tuerat
975 3893 1158 3970 cuateuptor
1171 3889 1297 3952 auimus
1310 3891 1339 3952 et
1350 3887 1501 3969 superbia.

851 4070 924 4150 §a

440 4181 488 4239 Dc
513 4184 677 4254 gerundia
702 4195 781 4242 cum
804 4182 1112 4255 praepositionibus
1137 4181 1327 4274 coniuncto.

363 4295 433 4364 Hac
459 4299 494 4364 in
517 4321 551 4365 re
576 4323 595 4365 a
619 4302 851 4368 consuetudine
872 4299 1019 4384 priorum
1043 4299 1237 4384 scriptorum
1257 4299 1404 4383 Tacitus,
1426 4293 1500 4365 Vel-

276 4387 373 4488 leiui,
397 4403 568 4472 Sallustius
588 4429 653 4473 non
677 4407 846 4491 recedunt,
869 4407 968 4470 immo
991 4427 1031 4469 ne
1051 4409 1101 4471 est
1120 4406 1248 4490 quidem
1271 4406 1329 4469 illa
1349 4407 1501 4486 varietus,

347 4581 372 4646 1)
391 4579 451 4635 Lat.
473 4580 534 4638 Stil.
554 4596 618 4651 pag.
639 4584 681 4638 88.
