3340 5218
278 317 321 380 66
808 318 898 388 Caput
916 318 963 374 ΙΙΙ.

274 480 456 563 auotoritas
477 478 647 544 Othoniani
668 481 757 545 sudes
774 485 802 544 et
822 481 988 545 immensas
1013 481 1153 562 lapidnm
1171 501 1207 544 aa
1224 479 1348 561 plumbi
1366 483 1521 563 aerisque

277 587 370 651 moles
392 586 625 669 perfringendis
656 587 873 670 omnmedisqne
904 587 1038 652 testibus
1065 587 1235 669 expediant.
1277 585 1334 671 IV,
1357 588 1400 653 48
1430 588 1517 670 topia

278 693 313 756 in
332 692 445 772 Africa
470 693 649 774 anniliaqne
673 695 811 758 tutandis
835 694 959 776 imperii
980 693 1094 775 finimas
1114 741 1121 756 .
1140 743 1147 758 .
1167 742 1174 755 .
1194 694 1395 775 .proemsnii
1415 715 1516 776 pare-

278 799 359 863 bant.
414 796 444 880 I,
470 799 509 864 18
548 800 736 864 observatam
772 801 808 864 id
835 801 1019 882 'antiquitas
1055 801 1188 864 comitiis
1224 800 1406 864 dirimendis
1444 822 1515 865 non

279 907 389 970 terrnit
411 905 555 970 Galbam.
591 904 620 990 I,
643 906 685 970 41
710 927 828 990 pancos
850 908 914 971 dies
936 907 1113 971 ensolnendo
1136 907 1280 970 donativo
1303 908 1514 988 deprecatam.

280 1011 296 1075 Ι
302 1063 310 1096 ,
334 1012 377 1077 52
405 1014 507 1077 sordes
529 1017 559 1076 et
580 1013 748 1076 auaritiam
765 1013 878 1078 Fontei
897 1012 1057 1096 Capitonis
1079 1014 1252 1078 adimendis
1274 1015 1516 1096 assignandisve
1605 1063 1610 1069 .

278 1118 410 1182 militiae
437 1119 596 1184 ordinibus
622 1121 736 1202 intepre
763 1125 942 1185 mntaoerat.
984 1120 1075 1204 11,2
1101 1122 1242 1203 perendie
1267 1121 1356 1186 retas
1383 1122 1515 1186 nnllam
1553 1201 1559 1208 ¹

279 1246 317 1292 er
339 1247 372 1290 eo
394 1227 652 1309 impedimentum.
687 1226 751 1310 III,
771 1227 814 1292 20
836 1249 913 1291 nnm
936 1249 1050 1292 secares
1072 1227 1273 1309 dolabrasque
1295 1231 1325 1291 et
1341 1233 1438 1292 cetera
1458 1250 1512 1292 ea-

275 1333 457 1414 pnpnandis
479 1333 605 1397 nrbibns
627 1355 727 1400 seman
745 1334 925 1398 attulissent.
962 1332 1025 1417 III,
1040 1333 1082 1398 56
1105 1339 1240 1414 ananius
1262 1335 1419 1414 conponenda
1444 1339 1512 1398 tra-

279 1439 410 1504 lnendooe
434 1439 506 1504 bella
524 1442 640 1504 modas.
673 1438 712 1523 V,
730 1440 770 1503 12
787 1441 929 1520 piscinae
947 1441 1150 1522 cisternaeque
1167 1441 1326 1505 seruandis
1350 1440 1512 1504 imbribus.

280 1546 319 1629 V,
347 1548 385 1610 19
410 1568 530 1630 ondens
556 1549 652 1612 deesse
679 1567 771 1612 naves
803 1546 959 1628 efficiendo
981 1548 1079 1628 ponti.
1135 1546 1217 1611 Vell.
1240 1547 1330 1630 11‚2
1364 1548 1513 1610 trinomia·

280 1655 365 1736 apris
392 1655 563 1720 dividendis
590 1655 761 1736 colonisque
787 1654 967 1718 deducendis
994 1655 1110 1718 ereaoit
1135 1674 1166 1718 se
1187 1674 1381 1734 socmnmqne
1407 1674 1513 1718 sarem.

280 1759 326 1844 H,
350 1761 393 1824 45
416 1763 498 1842 qnod
519 1763 599 1825 inter
620 1763 730 1843 cipinti
750 1761 832 1825 airas
850 1760 1011 1825 diuidendo
1034 1781 1108 1842 apro
1127 1758 1287 1842 Campano
1306 1780 1368 1824 esse
1390 1760 1513 1824 notaris-

281 1872 332 1932 set.
368 1867 417 1950 II,
442 1868 483 1931 79
507 1889 543 1932 ea
559 1869 718 1951 patrando
742 1868 815 1932 bello
838 1887 927 1931 mora
947 1867 1019 1946 snit.
1057 1865 1187 1931 Sallust.
1206 1866 1276 1951 lug.
1296 1867 1339 1930 42
1363 1868 1513 1932 immmair

282 1974 408 2039 coloniis
425 1975 612 2040 deducendis.

372 2080 433 2144 His
463 2080 617 2163 expositis
649 2084 682 2145 et
711 2080 745 2144 in
777 2101 888 2144 omnes
916 2083 1025 2162 partes
1058 2079 1269 2144 consideratis
1309 2080 1433 2143 clarum
1460 2085 1513 2144 est

284 2187 324 2251 ad
352 2209 447 2251 usum
476 2187 577 2251 dativi
610 2187 779 2272 gerundivi
807 2187 1081 2271 amplificandum,
1111 2209 1206 2271 quem
1230 2187 1358 2271 quidem
1386 2188 1513 2269 priores

285 2295 459 2378 scriptores
502 2294 535 2358 in
557 2293 725 2377 ,linguam
762 2293 913 2356 Latinam
950 2292 1145 2357 induxerunt
1187 2292 1242 2356 sed
1278 2293 1367 2358 ultra
1408 2315 1512 2376 parva

283 2401 378 2466 initia
401 2422 468 2464 non
491 2404 728 2485 propagarunt,
750 2400 877 2464 nullum
900 2399 967 2463 fere
992 2400 1183 2482 scriptorem
1204 2399 1315 2464 Tacito
1339 2401 1412 2484 plus
1435 2421 1513 2464 con-

222 2521 225 2526 '
283 2508 407 2572 tulisse.
430 2543 474 2554 ——
497 2507 674 2591 Postquam
698 2507 736 2570 de
760 2507 867 2572 dativo
892 2506 1060 2592 gerundivi
1091 2507 1200 2571 omnia
1224 2528 1306 2591 quae
1329 2507 1513 2571 necessaria

285 2636 354 2678 esse
386 2612 579 2678 videbantur
613 2611 832 2696 exposuimuS,
860 2635 964 2697 pauca
992 2612 1135 2677 dicamus
1165 2613 1203 2677 de
1231 2595 1340 2677 dativo
1365 2613 1512 2696 gerimdii

285 2721 339 2805 qui
363 2721 452 2784 finali
476 2741 572 2784 sensu
600 2718 765 2802 praeditus
790 2722 851 2802 est,
879 2718 968 2783 velut
992 2718 1065 2782 Tae.
1090 2741 1162 2784 anu
1185 2720 1237 2797 13,
1260 2721 1298 2782 11
1324 2721 1512 2802 testificando

284 2848 378 2910 airam
400 2827 526 2892 teneda
543 2827 738 2908 prmmpmet.
782 2826 835 2909 15,
862 2826 902 2890 16
931 2826 1125 2891 adstantibus
1152 2825 1193 2889 iis
1220 2846 1295 2907 qnos
1322 2827 1511 2908 testificando

284 2956 339 3000 ren
368 2935 506 2999 misisset.
533 2970 570 2980 —
601 2932 698 2997 Ratio
727 2932 939 3016 grammatica
967 2933 995 2996 ei
1022 2931 1109 2995 haud
1136 2933 1171 2996 in
1199 2932 1335 2997 obscuro
1365 2936 1428 3016 est,
1456 2933 1512 3017 qui

285 3064 379 3105 usum
412 3041 511 3104 dativi
545 3038 715 3126 gerundivi
748 3042 833 3103 recte
865 3039 1072 3123 perspexerit.
1114 3039 1297 3103 necessaria
1332 3042 1442 3102 tamen
1471 3038 1510 3101 ad

285 3147 369 3211 hanc
400 3146 539 3229 speciem
566 3145 819 3228 intellegendam.
843 3146 1042 3229 comparatio
1072 3149 1122 3211 est
1149 3167 1188 3210 ex
1216 3146 1280 3210 alia
1307 3145 1433 3210 ratione
1462 3144 1512 3208 de·

287 3256 428 3337 sumpta:
463 3273 556 3336 quem
585 3251 671 3314 enim
701 3273 766 3315 non
796 3251 929 3316 offendit
956 3252 1113 3316 transitus
1145 3251 1317 3317 locutionis
1349 3251 1511 3335 pecunia

286 3361 484 3445 postulata
512 3356 582 3445 (ubi
605 3358 810 3443 participium
834 3380 907 3424 cum
931 3358 1133 3423 substantivo
1161 3361 1230 3424 tam
1253 3361 1321 3422 arte
1345 3357 1509 3442 coniungi·

287 3473 352 3551 tur,
376 3470 412 3531 ut
434 3470 605 3550 utrumque
628 3466 663 3529 in
690 3488 789 3530 unam
817 3466 984 3531 notionem
1007 3465 1182 3546 coalescat)
1210 3465 1244 3529 in
1272 3464 1510 3548 postulatum

289 3573 360 3659 (ubi
387 3573 594 3658 participium
621 3595 678 3656 per
702 3595 736 3636 se
765 3574 868 3638 solum
897 3573 1094 3639 substantivi
1121 3573 1189 3638 vice
1216 3569 1393 3657 fungitur),
1424 3571 1453 3634 ei
1480 3569 1511 3632 id

288 3701 414 3764 quoquc
433 3679 520 3743 haud
539 3680 654 3745 mirum
673 3679 845 3764 videbitur,
859 3680 887 3744 si
906 3702 944 3744 ex
959 3702 1019 3744 usu
1039 3679 1201 3762 participii
1219 3678 1319 3743 futuri
1335 3697 1421 3761 pass.
1442 3697 1511 3739 cum

289 3786 397 3851 dativo
426 3785 622 3850 substantivi
644 3785 691 3849 ita
714 3785 891 3863 coniuncti,
921 3789 958 3850 ut
991 3785 1053 3850 toti
1081 3788 1261 3850 structurae
1289 3784 1395 3848 finalis
1422 3782 1510 3846 notio

290 3892 479 3975 subiciatur,
507 3892 609 3955 oritur
631 3913 707 3956 usus
731 3891 894 3975 participii
923 3892 982 3956 fut.
1006 3914 1092 3975 pass.
1117 3893 1229 3956 eodem
1257 3913 1353 3955 sensu
1376 3888 1510 3974 praediti

289 3999 380 4063 nullo
401 3998 608 4063 substantivo
628 3999 786 4082 apposito.
823 3999 906 4082 apud
930 3999 1054 4082 priores
1074 3998 1247 4082 scriptores
1266 3997 1321 4062 vix
1339 3994 1509 4082 quidquam

291 4110 349 4186 est,
375 4104 460 4190 quod
481 4127 552 4168 cum
571 4104 632 4169 hac
651 4105 756 4190 specie
775 4106 956 4189 comparari
975 4105 1088 4189 possit,
1106 4126 1182 4168 narn
1201 4105 1235 4168 in
1253 4103 1416 4168 locutione
1435 4101 1509 4165 scl-

289 4213 413 4277 vendo
439 4233 522 4276 csse
545 4211 632 4276 inest
653 4211 828 4276 insolentia
851 4210 957 4274 minus
980 4210 1015 4273 in
1039 4209 1206 4293 gerundia,
1235 4230 1332 4292 quam
1359 4207 1393 4271 in
1417 4205 1510 4270 verbo

290 4340 386 4402 esse,
424 4318 511 4402 quod
546 4338 613 4382 non
651 4318 789 4382 multum
826 4317 938 4383 abesse
975 4316 1016 4380 ab
1049 4315 1284 4400 significatione
1321 4313 1508 4379 elocutionis

290 4447 433 4509 parem,
456 4424 635 4489 idoneum
658 4447 740 4490 esse
764 4425 972 4489 manifestum
996 4421 1085 4506 est.¹)

364 4567 389 4633 1)
408 4565 459 4618 His
478 4581 549 4632 quae
569 4564 737 4634 protulimus
761 4580 928 4633 quamquam
954 4560 1080 4629 quaestio
1104 4560 1138 4614 de
1162 4577 1213 4613 usu
1232 4559 1322 4614 dativi
1340 4559 1469 4630 gerundii
1485 4563 1511 4614 ct

291 4653 441 4724 gerundivi
458 4670 516 4707 uon
534 4653 563 4707 in
583 4670 679 4709 omnes
697 4655 792 4724 partes
811 4651 941 4708 absoluta
960 4652 1014 4718 est,
1034 4649 1167 4718 quoniam
1184 4667 1241 4704 non
1255 4665 1350 4704 omues
1369 4649 1511 4719 scriptores
