3330 5228
492 335 532 390 De
551 323 694 404 participii
711 336 814 390 natura
831 335 974 391 nominali.
1298 334 1342 398 43

122 499 206 563 mul.
227 499 266 563 ad
282 497 466 583 genetivum
480 498 701 564 insectandi
716 497 845 563 referas.
880 497 1109 583 subsequentia
1124 501 1231 562 autem
1245 498 1342 562 verba

122 605 247 670 divisa
277 626 439 689 namque
469 627 520 689 qu.
547 627 614 690 squ.
653 605 693 669 ad
731 606 951 690 quaestionem
982 605 1227 688 persolvendam
1259 604 1341 668 nihil

121 712 242 796 valent,
266 734 344 776 uam
364 711 404 776 ad
427 714 595 796 utramque
623 713 925 795 interpretationem
948 712 1124 797 quadrant,
1149 712 1234 796 quod
1256 711 1343 776 Roth

120 819 139 882 l.
162 839 186 882 c.
213 818 303 882 nulla
332 818 492 902 probabili
515 841 612 884 causa
639 823 746 904 negat.
792 819 900 903 itaque
923 818 1236 903 interpretationem,
1261 841 1342 904 quae

121 924 237 989 talibus
261 924 492 989 offensionibus
512 929 612 1010 caret,
636 948 696 991 nos
719 947 899 1010 proponere
918 925 1123 1009 confidimus,
1147 925 1175 988 si
1197 925 1341 990 concedi-

120 1053 189 1095 mus
218 1031 439 1096 insectandi
474 1033 658 1116 genetivum
688 1032 867 1116 dependere
895 1028 933 1096 de
967 1032 1116 1097 monuit
1144 1031 1256 1115 verbo,
1288 1032 1343 1096 sed

121 1137 289 1202 statuimus
312 1137 410 1202 verba
433 1139 695 1204 aemulatione
719 1139 905 1203 muliebri
927 1139 1129 1223 parenthesis
1153 1138 1186 1201 iu
1210 1138 1342 1203 modum

120 1243 239 1306 inserta
262 1265 330 1307 esse
355 1244 414 1326 ita,
442 1249 480 1309 ut
504 1246 765 1311 aemulatione
793 1246 979 1310 muliebri
1005 1268 1072 1310 non
1096 1245 1234 1309 multum
1258 1245 1343 1309 absit

121 1350 173 1413 ab:
197 1371 270 1434 qua
293 1355 376 1415 erat
400 1348 576 1438 (Augusta)
601 1352 784 1427 muliebri
809 1351 1066 1417 aemulatione
1090 1352 1154 1415 vel:
1182 1351 1218 1415 id
1244 1350 1342 1434 quod

121 1479 162 1519 ex
190 1457 370 1521 muliebri
398 1458 656 1523 aemulatione
685 1461 766 1523 eius
797 1463 965 1542 apparet.
1008 1462 1040 1522 et
1068 1456 1256 1523 vertendum
1280 1459 1342 1521 est:

122 1563 210 1628 Ohne
233 1565 356 1628 zweifel
381 1563 439 1627 hat
461 1564 611 1647 Augusta
634 1564 688 1628 der
712 1565 821 1629 Plano.
845 1587 901 1628 zur
925 1564 1117 1648 verfolguug
1146 1562 1202 1626 der
1225 1562 1342 1646 Agrip-

121 1672 196 1754 pina
221 1707 256 1717 —
288 1671 349 1734 wie
374 1692 407 1734 es
432 1671 500 1735 sich
529 1692 592 1734 von
616 1669 671 1734 der
698 1671 887 1735 weiblichen
911 1671 1085 1736 elfersucht
1115 1670 1170 1734 der
1192 1670 1343 1754 Augusta

120 1778 209 1842 nicht
227 1777 341 1842 anders
361 1780 519 1840 erwarten
537 1776 618 1840 ldsst
639 1815 677 1822 —
699 1777 803 1842 winke
822 1777 975 1862 gegeben.
1013 1777 1088 1842 huic
1107 1777 1191 1841 enirn
1217 1775 1342 1839 dicendi

120 1884 203 1968 usui,
233 1885 321 1949 cuius
343 1884 518 1949 insolentia
541 1884 575 1947 in
603 1884 761 1948 brevitate
784 1885 892 1968 posita
916 1888 980 1968 est,
1008 1884 1140 1949 Tacitus
1170 1904 1265 1966 saepe
1294 1883 1341 1946 in-

120 1991 231 2075 servit,
259 1990 342 2056 sicut
366 2013 437 2056 ann.
460 1989 536 2075 XII,
559 1991 599 2056 61
631 1993 684 2056 sed
711 1989 864 2056 cuculas
888 1992 1039 2073 facilitate
1065 1992 1156 2056 solitu
1183 2010 1260 2073 qccoe
1286 1990 1344 2053 um

120 2103 302 2163 concesserat
334 2098 430 2162 nullis
462 2099 646 2164 extrinsecus
678 2099 865 2162 adiumentis
895 2098 1020 2177 velunt,
1058 2098 1113 2161 ubi
1145 2096 1342 2161 facilitate

121 2205 237 2270 solita
261 2226 360 2288 aeque
383 2205 489 2268 valere
509 2209 605 2288 atque
633 2204 671 2268 id
702 2204 799 2289 quod
824 2225 865 2267 ex
888 2203 1089 2268 facilitate
1117 2204 1198 2268 eius
1224 2204 1343 2268 solita

121 2311 369 2396 intellegitur
391 2310 601 2376 manifestum
626 2314 682 2375 est.
724 2310 785 2374 hac
808 2310 907 2396 igitur
930 2310 1056 2375 ratione
1080 2314 1231 2393 putamus
1255 2309 1343 2391 vitia,

122 2419 235 2504 quibus
259 2417 557 2501 interpretationes,
582 2439 717 2503 quarum
742 2439 839 2500 supra
860 2418 1059 2482 mentionem
1083 2416 1232 2499 fecimus,
1255 2416 1343 2480 labo-

120 2529 208 2604 rant,
237 2524 345 2590 omnia
372 2525 476 2589 vitari.
521 2525 556 2588 in
592 2525 711 2589 rariore
740 2528 849 2589 autem
882 2520 972 2589 verb'i
999 2525 1148 2589 monuit
1182 2527 1343 2587 structura

120 2633 201 2698 nihil
225 2635 274 2695 est
302 2630 487 2694 offensionis
514 2631 679 2713 reputanti
707 2632 841 2696 omnino
866 2631 1014 2696 Tacitum
1041 2631 1076 2695 in
1105 2652 1166 2695 usu
1195 2630 1342 2714 gerundii

122 2763 140 2804 a
159 2737 389 2804 consuetudine
409 2738 586 2801 ceterorum
606 2739 800 2822 scriptorum
823 2738 920 2824 longe
942 2739 1119 2802 recessisse.
1156 2737 1238 2801 nihil
1257 2736 1343 2800 enim

121 2845 208 2910 aliud
231 2844 284 2909 ille
307 2847 421 2908 nostro
444 2843 516 2909 loco
541 2843 716 2927 commisit,
745 2845 809 2908 nisi
835 2848 871 2909 ut
893 2867 952 2929 pro
977 2845 1126 2930 genetivo
1151 2844 1344 2908 substantivi

121 2953 331 3018 substitueret
360 2949 545 3035 genetivum
573 2949 724 3014 infinitivi
752 2951 948 3015 substantivi
975 2952 1010 3014 in
1038 2950 1168 3016 modum
1196 2951 1343 3033 usurpati

120 3061 151 3124 h.
175 3081 201 3123 e.
229 3058 415 3144 genetivum
438 3056 594 3140 gerundii.
641 3079 722 3141 quae
751 3080 801 3122 res
831 3058 917 3141 apud
944 3057 1090 3123 Tacitum
1119 3058 1166 3123 ita
1187 3057 1343 3140 exemplis

120 3189 186 3231 non
212 3167 298 3250 eget,
330 3167 367 3229 ut
397 3163 500 3227 multa
528 3157 700 3227 audaciora
731 3164 760 3227 ei
788 3165 989 3229 concedenda
1020 3164 1099 3248 sint3
1133 3168 1275 3229 ceterum
1302 3187 1343 3228 ne

122 3274 260 3338 similem
288 3275 482 3336 structuram
510 3269 633 3334 frustra
662 3292 797 3354 quaeras
826 3272 865 3336 cf.
889 3272 1057 3337 Donatum
1084 3271 1185 3356 praef.
1209 3271 1249 3336 ad
1272 3271 1343 3336 Ter.

120 3380 271 3463 Adelph:
294 3383 468 3456 satuentes,
495 3399 533 3442 ue
560 3379 629 3458 quis
650 3379 830 3458 fastidiosus
857 3380 946 3460 stulto
969 3385 1039 3443 acta
1066 3379 1147 3443 uelut
1167 3380 1344 3444 admonitus

120 3488 252 3552 obeundi
273 3487 408 3567 reliquae
426 3483 593 3548 comoediae
614 3485 673 3565 fiat
694 3489 878 3566 contemptor
899 3488 927 3548 ct
949 3489 1063 3567 serpat.
1101 3506 1273 3569 quaecum
1296 3484 1344 3550 ita

122 3593 201 3677 sint,
229 3593 319 3657 locus
347 3594 457 3656 noster
480 3589 670 3654 coniecturis
698 3590 906 3674 temptandus
934 3612 1001 3654 non
1030 3593 1093 3674 est,
1126 3612 1229 3675 neque
1258 3591 1343 3654 enim

121 3699 263 3783 defuere,
288 3699 342 3783 qui
365 3701 478 3763 contra
497 3697 724 3761 auctoritatem
744 3698 887 3762 omnium
907 3696 1052 3762 codicum
1071 3697 1170 3762 verba
1194 3698 1256 3762 ista
1275 3720 1342 3761 mu-

119 3806 220 3870 tanda
243 3827 312 3870 csse
336 3806 512 3870 censerent.
550 3807 643 3869 erant
666 3808 775 3868 autem
794 3805 898 3869 critici
923 3803 1080 3869 sermonis
1099 3800 1240 3869 Tacitini
1263 3805 1343 3889 peri-

119 3913 240 3977 tissimi
262 3909 394 3994 Madvig
417 3913 448 3974 et
471 3908 579 3974 Halm.
624 3933 697 3976 cum
721 3911 808 3975 enim
833 3911 1030 3994 existiment,
1058 3909 1217 3992 syllabam
1245 3911 1281 3974 di
1309 3911 1345 3974 in

120 4040 188 4084 voc.
212 4015 435 4082 insectandi
465 4019 681 4099 exsequente
709 4016 880 4100 participio
905 4016 1031 4082 divisa
1061 4015 1144 4080 male
1171 4018 1343 4100 repetitam

120 4147 204 4208 esse,
228 4123 374 4188 scribunt
392 4123 602 4187 insectans.
640 4123 696 4188 sed
716 4123 844 4189 omissis
864 4123 936 4188 aliis
957 4123 1169 4208 argumentis,
1193 4124 1343 4208 quoniam

120 4232 260 4296 mutatio
285 4229 392 4312 aliqua
410 4228 592 4293 emendatio
615 4229 776 4294 nominari
795 4230 919 4313 nequit,
938 4230 1002 4293 nisi
1021 4229 1239 4311 difficultates,
1263 4252 1343 4314 quae

119 4339 154 4402 in
179 4335 370 4420 explicando
393 4335 465 4399 loco
489 4336 634 4420 obstant,
657 4341 800 4401 removet
830 4373 867 4384 -
893 4342 1002 4401 manet
1026 4340 1132 4400 autem
1156 4337 1344 4420 principalis

119 4443 309 4527 difficultas,
333 4465 414 4528 quae
437 4443 522 4508 inest
544 4443 579 4508 in
597 4466 657 4508 usu
677 4445 766 4508 verbi
789 4444 937 4508 monuit
960 4443 1052 4507 nulla
1072 4465 1162 4526 voce,
1186 4442 1344 4526 adquam

118 4549 296 4634 pertineat,
329 4550 480 4634 apposita
510 4585 547 4596 —-
578 4553 713 4634 apparet
739 4549 908 4635 Madvigii,
935 4571 1031 4634 quem
1059 4548 1169 4613 Halm¹
1186 4551 1218 4613 et
1245 4549 1344 4615 Orelli

120 4657 225 4723 secuti
249 4659 338 4739 sunt,
361 4655 573 4721 mutationem
598 4656 685 4721 haud
708 4656 803 4720 dubie
827 4678 897 4721 esse
920 4655 1176 4740 improbandam.
