3340 5218
274 321 315 385 78
808 323 899 394 Caput
917 324 963 378 IV.

270 484 351 549 01111
378 484 531 550 relicturis
553 485 582 548 si
608 485 752 550 auiditati
778 487 986 568 indulperctur
1013 486 1094 567 quod
1115 486 1150 548 in
1178 480 1337 550 amorium
1360 486 1507 567 deferret.

272 589 327 676 (ad
350 590 421 679 IV).
459 594 488 675 8,
514 593 563 675 ll,
590 594 630 656 10
653 612 685 655 eo
708 592 873 655 certamine
900 592 1039 672 superior
1061 591 1242 656 Alenondcr
1264 593 1415 656 incertum
1437 614 1507 674 qna

270 698 330 778 fide
360 699 499 764 culturus
527 700 556 764 si
578 698 709 780 perinde
737 702 834 760 cetero
857 698 1075 779 processissent
1098 717 1207 777 pacem
1237 696 1390 764 Romom's
1417 699 1505 780 fecit.

272 804 305 887 6,
329 805 386 888 38,
413 806 453 869 10
485 804 566 888 quod
596 805 724 869 eundem
754 804 802 868 M.
824 804 963 868 Furium
993 804 1172 868 dictatorem
1203 805 1363 886 insequens
1395 827 1506 871 00000

270 911 485 977 101011110οι1
505 914 572 977 sine
588 912 709 994 pudore
731 915 807 974 certe
828 910 965 991 fructum
981 910 1090 992 priore
1117 931 1200 975 onno
1223 912 1258 974 in
1280 932 1311 976 se
1333 913 1506 994 imperinm

270 1020 478 1100 repetiturum.
523 1019 647 1083 faciunt
674 1019 772 1081 etiam
801 1017 841 1080 ad
868 1017 989 1081 idioma
1021 1017 1101 1080 illud
1124 1017 1242 1081 clarius
1269 1018 1505 1082 illustrandum

272 1131 305 1189 et
327 1128 522 1210 exemplum,
550 1125 634 1212 quod
659 1146 696 1188 ex
721 1124 826 1188 Plinio
851 1123 944 1207 epist.
966 1122 1029 1206 III,
1053 1123 1094 1186 21
1120 1123 1253 1207 Madvig
1276 1125 1295 1186 l.
1319 1125 1505 1189 1οο0006-

270 1237 376 1298 morat
403 1233 569 1298 Martialis
596 1233 679 1296 dedit
705 1231 795 1309 milri,
823 1235 973 1312 qnantum
995 1231 1112 1311 potuit,
1140 1232 1271 1296 daturus
1298 1232 1447 1316 amplius,
1470 1234 1505 1296 si

171 1398 173 1402 .
264 1342 415 1422 potuisset
446 1341 502 1423 (ε
527 1343 559 1402 61
587 1339 728 1403 dedisset
760 1335 928 1424 amplius);
962 1341 994 1401 61
1021 1336 1114 1419 illud,
1148 1337 1232 1420 quod
1265 1360 1304 1402 ex
1334 1339 1503 1404 Iuvenalis

271 1447 371 1510 satira
394 1445 419 1529 I,
444 1447 484 1511 69
510 1445 572 1530 (ed.
596 1443 629 1510 C.
654 1444 689 1508 F.
713 1442 895 1528 Hermann)
919 1442 998 1506 mihi
1021 1443 1056 1505 in
1078 1447 1220 1508 mentem
1244 1445 1343 1508 venit:
1367 1448 1504 1509 occurrit

270 1558 416 1618 matrona
431 1558 554 1635 potens,
577 1572 655 1633 0000
678 1551 767 1614 00110
790 1549 940 1615 Gonnum
956 1554 1139 1632 porrectura
1160 1552 1227 1614 niro
1252 1553 1356 1616 miscet
1377 1557 1502 1617 01110010

270 1662 408 1726 rubetam
432 1659 633 1744 (porrectura
657 1688 699 1710 =
718 1678 800 1741 quae
823 1657 912 1720 iussa
934 1660 1004 1720 erat
1026 1657 1215 1744 porrigere).

301 1837 335 1902 B.
372 1838 416 1902 De
439 1835 611 1920 participio
634 1834 813 1918 praesentis
837 1833 870 1897 61
892 1831 1027 1915 perfecti
1050 1831 1133 1914 quod
1155 1834 1244 1901 nullo
1267 1834 1377 1902 addito
1401 1837 1473 1901 sub-

342 1944 486 2009 stantivo
509 1943 544 2009 in
567 1941 670 2007 locum
693 1939 854 2007 inundati
878 1938 1106 2006 condicionalis
1129 1941 1342 2008 substitutum
1365 1944 1423 2008 est.

360 2086 422 2164 Qui
446 2088 490 2152 sit
515 2087 623 2151 varius
646 2107 723 2150 usus
743 2083 905 2167 participii
929 2083 988 2147 fut.
1012 2087 1072 2148 act.
1095 2083 1130 2147 in
1152 2085 1258 2167 prima
1280 2086 1375 2152 huius
1400 2108 1495 2171 para·

270 2194 388 2278 graphi
411 2197 502 2277 parte
531 2193 725 2275 explicatum
750 2194 813 2275 est,
836 2190 894 2254 ubi
916 2189 1003 2254 haud
1026 2211 1098 2254 raro
1123 2191 1338 2257 condicionali
1361 2194 1497 2258 notione

270 2322 370 2384 eaque
399 2300 571 2364 admodum
600 2298 712 2362 subtili
740 2297 772 2361 id
795 2297 987 2360 instructum
1011 2315 1081 2359 esse
1104 2296 1250 2362 vidimus.
1288 2301 1387 2365 etiam
1417 2300 1495 2365 alio·

269 2431 342 2472 rum
374 2412 558 2492 temporum
589 2405 759 2489 participia
792 2426 849 2487 per
877 2425 910 2467 se
943 2402 1011 2466 sola
1042 2406 1119 2486 apta
1152 2407 1229 2468 sunt
1261 2406 1301 2470 ad
1333 2407 1495 2471 rationem

271 2514 518 2598 hypotheticam
543 2510 783 2596 exprimendam
807 2511 867 2593 ita,
896 2512 933 2572 ut
955 2530 1087 2591 prorsus
1112 2510 1179 2574 vice
1203 2513 1363 2578 enuntiati
1386 2535 1495 2578 secun·

270 2621 353 2685 darii
377 2621 563 2706 fungantur,
587 2640 782 2704 quamquam
802 2615 1041 2682 concedendum
1065 2619 1115 2680 est
1134 2640 1197 2702 qua
1219 2620 1375 2685 varietate
1397 2623 1496 2706 parti·

198 2811 201 2818 .
270 2727 391 2810 cipium
418 2727 475 2792 fut.
500 2730 559 2791 act.
584 2726 732 2809 excellat,
761 2746 831 2788 eam
860 2723 1015 2788 aceteris
1044 2723 1226 2807 participiis
1254 2747 1324 2790 ease
1348 2729 1497 2813 alienam,

270 2857 347 2898 nam
370 2835 453 2900 raho
477 2835 512 2898 in
536 2832 685 2897 omnibus
708 2832 774 2896 fere
798 2830 953 2914 exemplis
977 2831 1088 2895 eadem
1112 2834 1170 2895 est.
1207 2854 1270 2916 quo
1294 2833 1340 2917 fit,
1362 2837 1400 2897 01
1422 2857 1496 2899 cum

269 2943 304 3006 in
328 2963 388 3006 usu
411 2940 573 3026 participii
595 2940 653 3004 fut.
678 2942 739 3004 act.
763 2938 938 3003 excolendo
962 2937 1095 3002 Tacitus
1120 2940 1152 3001 61
1174 2937 1318 3004 Velleius
1342 2941 1495 3006 eximium

270 3047 377 3113 locum
401 3049 578 3124 obtineant,
601 3047 634 3110 10
653 3047 714 3111 hac
733 3067 767 3110 re
786 3046 871 3109 nihil
889 3046 974 3109 inter
992 3044 1066 3109 11100
1082 3044 1277 3109 discriminis
1297 3047 1340 3110 sit
1358 3053 1496 3113 ceteros·

272 3176 332 3238 006
357 3154 538 3237 scriptores.
571 3151 717 3217 Sallustii
738 3153 792 3216 vix
811 3155 887 3215 sunt
905 3151 1060 3234 exempla,
1084 3172 1164 3235 quae
1189 3152 1217 3216 si
1234 3175 1303 3216 rem
1323 3153 1364 3217 ad
1386 3155 1496 3220 vivum

272 3281 397 3324 resecas
425 3260 488 3324 huc
515 3259 643 3342 possint
669 3258 791 3322 referri.
827 3257 931 3321 nihilo
959 3260 1068 3321 tamen
1099 3258 1202 3323 secius
1230 3261 1317 3324 totus
1340 3260 1394 3325 hic
1417 3283 1495 3326 usus

269 3368 372 3433 multo
392 3367 597 3432 artificiosior
615 3369 678 3450 cst,
701 3387 798 3450 quam
821 3365 889 3448 ille,
913 3385 1009 3448 quem
1028 3365 1092 3428 -sub
1112 3363 1151 3429 Α.
1176 3367 1395 3452 tractavimus,
1418 3370 1493 3452 quia

271 3475 311 3539 ad
340 3497 469 3540 sensum
497 3473 749 3540 condicionalem
777 3471 948 3556 participle
976 3469 1078 3535 futuri
1104 3493 1164 3554 per
1187 3493 1220 3535 se
1248 3475 1381 3558 propius
1405 3496 1494 3540 acce·

270 3581 358 3664 dunt,
381 3603 477 3665 quam
500 3581 550 3653 vel
573 3579 753 3663 praesentis
776 3579 828 3643 vel
850 3577 992 3660 perlecti.

359 3684 560 3751 Conferenda
588 3691 675 3750 sunt:
709 3684 784 3752 Tac.
808 3705 882 3749 ann.
904 3682 966 3767 III,
989 3683 1033 3748 45
1065 3704 1159 3764 quom
1190 3686 1299 3751 decoro
1330 3688 1494 3754 oictmitrrs

269 3791 393 3856 libertus
425 3796 540 3873 quanto
571 3792 786 3856 intolerantior
817 3791 947 3855 seruitus
977 3791 1090 3856 iterum
1121 3792 1215 3857 010110.
1262 3791 1319 3877 IV,
1352 3795 1371 3858 6
1404 3796 1494 3860 amuel

268 3899 418 3979 assumpti
445 3898 623 3962 tenebantur
643 3918 777 3979 prorsus
798 3899 865 3962 sine
887 3898 984 3962 modo.
1025 3896 1104 3981 XII,
1127 3898 1170 3961 40
1192 3898 1266 3963 11000
1288 3902 1436 3966 coninnai
1457 3923 1496 3966 nc

268 4004 369 4069 diona
391 4003 477 4067 houd
492 4005 623 4086 perinde
645 4005 688 4068 od
709 4005 889 4069 memmium
911 4005 962 4070 sni
984 4005 1127 4070 calmem.
1157 4004 1249 4089 XIII,
1271 4007 1312 4071 27
1337 4009 1496 4090 dispiceret

268 4111 394 4192 quisque
425 4111 537 4174 rnerito
569 4113 712 4193 tardeque
743 4113 912 4176 comeduut
942 4112 1023 4193 quood
1057 4112 1166 4175 dotum
1201 4133 1264 4178 non
1299 4115 1494 4180 adimeretur.

269 4215 360 4299 XIII,
382 4216 426 4279 40
448 4216 582 4281 iusserat
603 4223 639 4282 nt
659 4220 847 4284 instantibus
869 4219 1038 4284 comminus
1059 4220 1239 4284 resisterent.
1271 4219 1360 4304 XIV,
1374 4221 1418 4286 55
1440 4242 1494 4286 nec

268 4323 347 4388 milei
369 4324 429 4387 telo
451 4327 480 4387 ct
500 4344 620 4390 monus·
638 4331 708 4391 tuoe
729 4327 897 4407 derisissent
917 4327 953 4388 in
975 4326 1074 4388 ormis
1096 4327 1205 4408 openti.
1235 4325 1323 4410 XIV,
1342 4326 1385 4392 58
1408 4329 1492 4394 deni-

268 4429 405 4511 qne'uut
429 4431 559 4495 sulutem
587 4432 644 4496 tuli
666 4434 792 4498 consilio
811 4433 923 4518 ,000001
950 4429 1032 4516 (scil.
1051 4430 1159 4518 discit)
1183 4438 1240 4497 001
1264 4433 1345 4498 ndril
1364 4435 1493 4516 pravius

268 4539 394 4601 credenti
416 4540 642 4620 0000100000
659 4540 844 4620 potiendum
867 4558 936 4602 csso.
973 4537 1044 4622 XV,
1069 4540 1085 4601 1
1112 4540 1207 4604 lectus
1228 4541 1387 4605 seruitium
1409 4543 1495 4624 opud

267 4643 426 4709 Romanos
452 4645 562 4710 deditis
587 4665 682 4727 quom
710 4647 808 4729 captis
834 4667 905 4710 esse.
944 4644 1019 4710 hist.
1043 4644 1071 4728 I,
1099 4646 1143 4710 22
1169 4649 1198 4710 si
1224 4647 1349 4712 00010101
1373 4654 1411 4714 01
1435 4670 1494 4713 sno
