3340 5218
266 269 329 333 106
798 269 889 339 capue
907 269 953 322 iv.

263 433 428 515 erlllc'iraup
456 433 573 497 iudicio
603 455 670 498 non
698 433 745 497 ita
772 436 860 497 recto
888 432 1018 516 nititur,
1045 432 1164 516 quippe
1187 432 1243 516 qui
1273 431 1435 496 medalem
1461 435 1499 495 et

265 540 427 603 causalem
450 539 616 604 notionem
640 539 726 602 inter
749 561 784 602 se
808 538 991 603 confundat.
1023 538 1142 622 siquis
1166 539 1253 602 enim
1277 537 1407 604 omnino
1432 539 1498 603 ulli

265 645 363 709 verbo
388 645 482 709 istius
507 644 666 709 enuntiati
684 643 846 708 medalem
867 666 998 708 sensum
1018 645 1159 710 tribuere
1178 647 1284 724 vellet,
1303 646 1371 709 sine
1390 645 1496 709 dubio

265 755 349 816 esset
371 752 577 838 participium
600 751 779 834 haerens,
804 751 889 836 quod
913 751 1076 836 designat,
1100 753 1227 837 qualem
1250 751 1336 817 Nero
1360 773 1395 816 se
1419 772 1497 836 ges-

265 859 355 941 serit,
384 881 457 922 cum
487 865 624 922 matrem
652 861 842 941 prosecutus
867 858 917 922 sit.
954 857 1069 942 quodsi
1092 858 1223 923 Tacitus
1247 895 1288 906 --
1314 858 1397 924 sicut
1420 880 1497 940 per-

264 966 375 1030 multis
399 965 471 1029 aliis
490 965 570 1030 locis
588 964 667 1032 fecit
687 1003 728 1012 -
753 988 812 1048 pro
831 965 1003 1049 participio
1022 988 1099 1030 usus
1119 971 1205 1030 esset
1224 964 1380 1049 gerundia
1402 965 1497 1029 hae-

264 1073 395 1156 rendo,
426 1073 502 1136 huic
534 1073 693 1137 medalem
726 1093 855 1138 sensum
888 1072 1011 1155 optimo
1044 1073 1112 1136 iure
1144 1073 1279 1137 tribuas.
1321 1070 1377 1136 scd
1408 1093 1497 1155 quae

265 1182 443 1263 sequuntur
471 1179 571 1244 verba
598 1180 678 1244 sive
706 1179 1005 1262 explenda
1032 1179 1233 1244 retinebat
1260 1199 1390 1243 causam
1417 1200 1497 1261 pro-

264 1286 388 1368 ferunt,
420 1308 476 1350 our
498 1285 585 1351 Nero
614 1287 712 1350 talem
745 1307 778 1349 se
810 1287 1018 1369 praestiterit.
1065 1308 1128 1370 qua
1160 1287 1195 1350 in
1222 1307 1256 1350 re
1284 1285 1497 1354 diiudicanda

263 1415 328 1458 non
348 1393 440 1477 parvi
459 1394 615 1458 momenti
634 1416 711 1458 usus
731 1394 960 1460 correlatorum
980 1395 1062 1458 sive
1082 1431 1122 1442 -
1149 1417 1214 1458 seu
1239 1395 1302 1476 est,
1325 1413 1407 1476 quae
1434 1415 1498 1476 per

264 1501 438 1586 parataxin
466 1499 528 1564 duo
558 1499 719 1564 enuntiati
742 1501 887 1565 membra
911 1498 1006 1586 (sive
1030 1500 1221 1585 explenda
1243 1537 1287 1548 -
1310 1523 1376 1564 seu
1398 1500 1497 1564 reti-

263 1606 396 1693 nebat)
420 1609 505 1673 inter
538 1630 571 1671 re
601 1611 787 1673 annectunt.
829 1629 910 1692 quae
941 1608 1084 1672 sumita
1108 1607 1188 1690 sint,
1223 1606 1498 1696 ablativumtex-

263 1713 405 1796 plenda
437 1695 689 1778 simulatione
728 1714 895 1778 absolutae
927 1713 1098 1798 positionis
1136 1735 1206 1777 esse
1245 1713 1325 1778 satis
1363 1714 1497 1778 demon-

265 1823 385 1883 strasse
403 1818 498 1882 nobis
522 1819 675 1883 videmur.
715 1822 855 1883 ceterum
876 1819 1007 1884 Tacitus
1029 1819 1126 1885 huius
1141 1843 1227 1903 usae,
1245 1843 1341 1904 quem
1360 1824 1498 1904 propter

263 1926 470 1990 insolentiam
498 1927 533 1990 in
562 1926 734 1990 annalibus
763 1927 890 1992 demum
920 1927 1058 1992 inveniri
1087 1949 1125 1990 ex
1154 1928 1320 2012 scriptoris
1344 1949 1498 1992 sermone

264 2032 421 2116 paulatim
450 2033 577 2098 exculto
604 2033 803 2117 intellegitur
809 2083 818 2116 ‚
848 2034 935 2098 solus
963 2036 1121 2116 patronus
1148 2056 1215 2099 non
1242 2037 1300 2100 est.
1342 2033 1397 2098 sed
1424 2033 1499 2097 iam

265 2139 350 2221 apud
366 2137 554 2204 Ciceronem
573 2139 606 2203 et
623 2139 752 2204 Livium
772 2145 805 2204 et
819 2139 1002 2225 Vergilium
1024 2140 1130 2222 prima
1154 2142 1363 2205 inveniuntur
1386 2140 1496 2224 inItia,

265 2268 461 2330 quamquam
493 2245 554 2310 viri
587 2245 674 2310 docti
707 2267 780 2310 cum
813 2247 974 2331 dubitent,
1007 2249 1116 2310 utrum
1145 2247 1327 2331 exemplum
1360 2247 1497 2330 aliquod

264 2353 359 2417 huius
393 2375 470 2418 usus
504 2353 547 2417 sit
579 2353 678 2417 necue
717 2357 851 2438 propter
884 2355 1024 2419 incertos
1053 2357 1210 2438 aptosque
1239 2354 1279 2418 ad
1315 2354 1495 2418 fallendum

264 2460 420 2524 transitus
439 2481 673 2544 nonnunquam
696 2464 891 2526 erraverunt.
935 2461 981 2524 sic
1005 2459 1155 2544 Zumpt¹)
1179 2462 1321 2526 locorum
1342 2460 1496 2526 Liuiano·

265 2589 336 2628 rum
363 2565 403 2649 V,
426 2567 483 2650 433
512 2565 605 2649 XXI,
628 2567 663 2650 23
696 2566 855 2651 XXXIII,
879 2569 899 2632 3
928 2567 1141 2651 syntecticam
1172 2567 1330 2631 rationem
1359 2589 1497 2650 prorsus

265 2694 330 2736 non
349 2672 517 2736 intellexit.
550 2693 608 2736 nee
628 2671 732 2756 magis
748 2669 868 2756 Wittll
888 2695 998 2737 verum
1020 2673 1109 2756 vidit,
1129 2695 1201 2739 oum
1220 2673 1444 2758 Liv.V11‚25‚
1460 2676 1497 2759 ῖς

264 2777 423 2862 XXXIII,
446 2780 480 2862 33
512 2779 617 2844 Plaut.
646 2777 811 2843 Menaech.
841 2778 876 2863 5,
900 2779 980 2862 3,6
1014 2779 1077 2844 illis
1106 2780 1263 2846 Tacitinis
1296 2781 1377 2845 locis
1403 2780 1494 2846 haud

264 2885 438 2950 dissimiles
461 2907 531 2951 esse
555 2886 738 2950 contendat.

331 3117 364 3180 h.
405 3118 450 3181 De
474 3115 619 3182 ablativo
643 3117 790 3183 absoluto
814 3118 981 3201 participii
1003 3116 1140 3200 perfecti
1163 3118 1288 3201 passivi
1310 3119 1424 3184 omisso

771 3224 987 3291 substantivo.

354 3349 472 3414 Omnia
508 3372 590 3434 quac
628 3349 730 3414 adhue
763 3349 957 3433 protulimus
995 3350 1142 3433 exempla
1183 3350 1318 3415 ablativi
1351 3352 1493 3416 absoluti

268 3456 316 3520 ita
339 3461 526 3540 comparata
550 3460 655 3541 erant,
679 3460 716 3521 ut
739 3460 796 3521 aut
819 3457 1023 3522 substantivo
1047 3455 1253 3540 participium
1277 3457 1494 3540 praedicative

266 3565 444 3629 adiceretur
474 3567 531 3628 aut
554 3563 735 3629 subiectum
758 3563 853 3628 huius
877 3563 1054 3648 praedicati
1078 3585 1117 3626 ex
1140 3563 1322 3646 insequenti
1346 3563 1493 3628 enuntia·

265 3671 353 3733 tione
380 3670 516 3736 relativa
545 3669 756 3754 suppleretur.
798 3670 839 3733 ab
867 3670 918 3733 his
947 3672 1054 3734 autem
1087 3670 1240 3753 exemplis
1271 3670 1357 3735 facili
1387 3673 1493 3734 trans-

267 3797 382 3860 gressu
406 3776 446 3840 ad
470 3798 508 3840 ea
531 3777 744 3859 pervenImus²
767 3777 823 3840 ubi
847 3777 953 3859 ipsum
973 3798 1099 3860 quoque
1123 3777 1302 3841 subiectum
1322 3776 1413 3842 deest
1434 3798 1495 3842 nec

266 3887 376 3948 tamen
404 3883 474 3946 sIne
497 3881 631 3966 negotio
660 3882 788 3947 aliunde
813 3882 955 3966 suppleri
985 3887 1103 3966 potest.
1140 3883 1195 3948 sed
1219 3883 1363 3948 omnium
1386 3904 1496 3967 gram-

266 3989 459 4052 maticorum
495 3989 587 4053 libris
624 4010 704 4072 quos
737 3987 832 4052 huius
871 3989 919 4052 rei
954 3989 1154 4054 mentionem
1191 3990 1332 4054 facturos
1365 4011 1494 4072 sperare

266 4095 357 4159 licuit
379 4095 555 4178 pervolutis
574 4095 657 4159 nihil
678 4095 759 4159 certi
780 4095 818 4158 de
837 4094 900 4159 hoe
919 4116 979 4158 usu
999 4096 1103 4178 qualis
1128 4096 1171 4161 sIt
1189 4096 1274 4180 apud
1294 4093 1494 4174 Sallustium,

265 4201 441 4284 Velleium,
467 4201 612 4266 Tacitum
636 4203 837 4286 disputatum
861 4223 931 4265 esse
956 4202 1154 4286 invenimus,
1182 4225 1220 4267 eo
1244 4203 1350 4287 magis
1379 4201 1494 4286 gaude·

338 4432 365 4586 dl
383 4429 684 4575 getiergdesstillenetiv
703 4520 752 4574 des
768 4519 957 4574 Gerundiums
975 4518 1032 4573 und
1046 4519 1250 4574 Gernndivums
1269 4519 1298 4573 in
1317 4519 1368 4574 der
1384 4517 1494 4572 Latein.

268 4607 397 4679 Sprache.
426 4605 476 4662 Th.
497 4611 516 4662 I.
536 4627 563 4678 p.
583 4615 607 4663 9.
