3340 5218
236 308 297 371 138
708 309 855 378 Appendix
875 309 980 364 critica.

153 487 160 502 ·
233 473 410 556 patronis
438 473 519 537 iure
548 475 723 557 agerent,
756 472 820 536 sed
849 473 965 536 etiam
994 495 1120 537 eoram
1152 475 1390 541 insultarent
1417 500 1459 542 ac

233 579 458 646 verberibus
482 601 614 644 manus
638 579 743 644 ultro
771 579 1017 643 intenderent
1038 580 1192 664 impune
1214 584 1275 647 vel
1297 605 1459 667 poenam

234 709 338 751 suam
362 684 505 750 derisui
527 686 722 750 habentes.

323 793 393 858 Iani
417 797 608 878 argumenta
632 793 817 877 afferamus,
845 815 902 856 cur
929 793 975 857 ita
1002 776 1205 860 mutarimus.
1247 801 1322 862 ante
1352 799 1462 865 omnia

235 902 372 966 aliorum
395 900 655 966 emendationem
679 900 872 984 adoptantes
898 900 1032 964 verbum
1056 902 1254 968 consuluit
1276 905 1311 969 in
1334 910 1461 971 textum

234 1009 426 1093 recepimus,
449 1029 525 1072 narn
549 1010 581 1072 et
599 1008 699 1072 verbo
722 1007 815 1072 finito
839 1029 920 1090 opus
942 1029 1012 1072 esse
1036 1009 1246 1074 manifestum
1265 1017 1316 1077 est
1336 1017 1368 1078 et
1391 1037 1459 1080 ver-

234 1118 313 1181 bum
335 1114 533 1180 consuluit
555 1117 689 1198 propter
711 1113 956 1178 similitudinem
979 1114 1147 1180 literarum
1175 1139 1244 1183 voc.
1267 1122 1460 1186 constitu-

235 1223 356 1290 tionis
374 1222 530 1287 facillime
550 1242 738 1286 evanescere
757 1220 901 1304 potuisse
921 1221 1093 1286 admodum
1111 1224 1288 1290 verisimile
1308 1230 1366 1292 est.
1404 1229 1460 1293 sed

236 1329 323 1415 quod
346 1329 387 1394 ad
410 1328 508 1393 verba
536 1327 573 1391 vi
595 1349 641 1390 nc
665 1349 711 1391 an
734 1348 854 1410 aequo
878 1349 963 1392 oum
990 1331 1172 1412 patronis
1195 1332 1276 1397 iure
1301 1341 1463 1420 agerent

236 1435 473 1503 sententiam
491 1456 619 1499 eorum
637 1435 910 1500 consultarent
929 1436 1061 1520 attinet,
1085 1437 1171 1502 viam
1190 1439 1330 1524 ingressi
1350 1464 1462 1508 sumus

237 1543 441 1626 emendandi,
464 1564 561 1626 quarn
585 1541 689 1606 adhuc
712 1563 807 1606 nemo
831 1540 969 1606 tortasse
992 1542 1075 1607 iniit.
1113 1565 1150 1608 ac
1173 1547 1370 1632 rationibus,
1394 1551 1464 1634 qui-

235 1654 296 1717 bus
314 1651 379 1716 nisi
398 1649 537 1716 aliorum
556 1651 755 1715 coniecturas
775 1649 966 1728 refellimus,
985 1649 1101 1714 iisdem
1119 1652 1239 1734 partim
1258 1654 1299 1718 ad
1318 1659 1465 1721 nostram

236 1763 366 1824 utamur
390 1757 627 1823 stabiliendam.
663 1757 697 1822 in
720 1757 828 1822 verbis
852 1756 938 1821 enim
963 1759 1202 1824 sententiam
1222 1782 1352 1827 eorum
1376 1786 1464 1829 con-

237 1865 433 1931 sultarent
451 1865 688 1929 commutandis
709 1863 872 1930 cardinem
891 1865 974 1928 verti
992 1888 1052 1949 pro
1072 1870 1161 1931 certo
1184 1867 1351 1934 habemus.
1388 1871 1465 1955 quid

238 1972 301 2037 sibi
324 1973 426 2036 velint
448 1993 513 2036 non
537 1971 752 2056 intellegitur,
782 1993 825 2034 an
847 1971 983 2036 libertos
1008 1973 1111 2038 solere
1136 1976 1332 2040 sententiam
1355 1982 1466 2060 patro-

237 2102 352 2145 norum
375 2078 576 2144 consultasse
600 2080 765 2162 putemus,
788 2081 964 2162 postquam
988 2101 1091 2162 aequo
1115 2079 1185 2144 iure
1208 2103 1280 2146 cum
1304 2084 1344 2148 iis
1369 2105 1466 2169 agere

237 2188 303 2252 iam
335 2185 456 2250 dudum
483 2185 696 2269 inceperunt?
724 2185 786 2250 hoo
816 2207 879 2269 quo
909 2185 1079 2250 absurdius
1108 2190 1157 2251 est
1181 2191 1214 2252 et
1242 2189 1398 2276 ineptius,
1427 2215 1465 2258 eo

237 2295 344 2378 magis
368 2293 552 2359 mirandum
570 2292 710 2377 videtur,
733 2292 818 2376 quod
838 2313 950 2356 omnes
970 2291 1111 2357 editores
1136 2293 1239 2359 altum
1262 2296 1301 2360 de
1324 2296 1376 2362 his
1396 2323 1467 2365 ver-

238 2401 288 2466 bis
313 2400 478 2464 silentium
498 2399 671 2464 observant
690 2402 818 2482 praeter
842 2419 941 2463 unum
960 2395 1211 2484 Nipperdeyum.
1248 2403 1276 2468 is
1297 2406 1384 2469 enim
1404 2408 1466 2472 etsi

239 2529 306 2574 ncn
324 2511 433 2591 aperte
458 2506 600 2571 declarat
622 2507 657 2569 in
679 2505 731 2570 his
757 2505 888 2570 vocibus
911 2527 981 2569 esse
1005 2506 1244 2593 offendendum,
1267 2511 1337 2595 ipse
1357 2517 1467 2579 tamen

239 2616 279 2680 iis
300 2614 443 2697 offendit,
463 2613 618 2697 quianon
635 2612 700 2676 nisi
714 2611 934 2695 transpositae
949 2612 989 2675 ab
1005 2632 1042 2675 eo
1060 2619 1198 2696 possunt
1212 2618 1374 2700 explicari.
1402 2621 1465 2687 huc

241 2721 374 2806 accedit,
385 2720 471 2804 quod
485 2724 574 2784 certa
594 2719 752 2803 quaedam
766 2718 924 2803 gradati0,
939 2738 1035 2801 quam
1049 2718 1136 2784 inter
1146 2724 1305 2788 enuntiati
1320 2728 1466 2793 membra

243 2867 279 2876 —
310 2830 346 2894 ui
371 2849 410 2892 ue
436 2848 480 2892 aa
507 2847 602 2909 aeqrto
629 2847 698 2892 carm
714 2826 861 2909 patronis
889 2826 958 2889 ture
989 2831 1113 2908 operam
1140 2864 1181 2874 -
1210 2834 1393 2898 sanctiam
1421 2857 1468 2901 eo-

239 2957 310 3002 rum
346 2934 555 3000 consultarent
585 2971 628 2982 --
661 2954 698 2998 uc
733 2932 903 2998 verberibus
940 2952 1053 2997 manue
1083 2933 1165 2999 ultro
1203 2938 1392 3006 intenderent
1427 2977 1465 2989 —

239 3021 436 3108 intercedere
469 3061 599 3106 neeesse
628 3043 690 3124 est,
722 3061 853 3123 prorsus
887 3037 989 3124 deest,
1022 3039 1049 3103 si
1081 3043 1278 3109 mutationes
1308 3049 1468 3114 editorum

241 3149 414 3236 sequimur.
455 3150 552 3231 atque
579 3148 630 3212 his
659 3147 842 3213 rationibus
870 3147 905 3210 in
934 3169 968 3211 re
996 3148 1069 3230 ipsa
1095 3150 1213 3232 positis
1242 3152 1325 3218 alias
1349 3158 1467 3222 extrin-

240 3279 332 3322 secus
360 3255 477 3320 allatas
501 3253 617 3318 addere
640 3253 746 3319 liceat.
792 3253 958 3337 quaeritur
981 3253 1079 3336 enim,
1110 3276 1188 3320 num
1213 3258 1310 3322 etiam
1342 3263 1469 3344 palaeo-

242 3362 404 3448 graphiois
429 3383 511 3445 quae
531 3361 681 3427 dicuntur
703 3360 829 3446 legibus
850 3360 1029 3424 emendatio
1053 3359 1112 3426 illa
1135 3366 1372 3448 comprobetur.
1411 3391 1470 3434 nec

241 3470 404 3553 timemus,
425 3491 465 3533 ne
485 3467 557 3552 quis
577 3468 744 3532 audaciam
764 3467 893 3551 obiciat,
916 3467 1001 3550 quod
1025 3467 1062 3531 ui
1085 3489 1130 3532 ne
1154 3491 1275 3554 aequo
1300 3496 1382 3540 cum
1404 3498 1469 3560 pa-

242 3577 368 3642 tronis
392 3575 623 3640 mutaverimus
647 3575 681 3639 in
704 3577 745 3638 ut
768 3595 835 3638 nec
858 3574 932 3636 iam
952 3593 1071 3655 aequo
1091 3595 1171 3639 oum
1194 3582 1382 3660 patronis.
1414 3605 1469 3648 ne·

242 3706 303 3769 que
328 3682 434 3747 minus
458 3681 553 3746 facile
576 3681 655 3746 vitio
680 3680 805 3746 librarii
827 3702 886 3764 pro
918 3679 1122 3746 sedetiam
1150 3683 1219 3748 fieri
1247 3687 1355 3770 potuit
1384 3711 1469 3754 sen-

242 3790 408 3856 tentiam
431 3791 463 3852 et
485 3810 544 3872 pro
564 3810 692 3854 coram
714 3787 956 3852 insultarent
975 3808 1104 3852 eorum
1123 3792 1407 3862 consultarent.
1430 3833 1466 3842 —

243 3896 333 3962 Haec
364 3894 592 3977 interpretatio
626 3895 762 3978 quadrat
790 3893 830 3958 ad
858 3914 1003 3977 sensum,
1036 3894 1076 3958 ad
1105 3895 1261 3980 loquendi
1289 3923 1397 3985 usum,
1429 3903 1470 3966 ad

243 4003 390 4070 codicum
414 4000 593 4083 scripturae
616 4002 786 4067 rationem.

331 4109 381 4174 De
402 4110 546 4174 extrema
563 4113 657 4192 parte
677 4109 838 4175 enuntiati
861 4130 964 4192 pauca
983 4105 1128 4173 addenda
1152 4116 1238 4196 sunt,
1257 4118 1470 4199 posteaquam

245 4216 321 4303 quid
346 4214 526 4280 exhibeant
553 4215 691 4300 codices,
725 4239 807 4300 quae
835 4214 1033 4281 mutationes
1056 4215 1164 4281 factae
1197 4219 1264 4285 sint
1292 4243 1390 4305 supra
1418 4244 1473 4308 ex3

243 4323 420 4409 posuimus.
461 4344 498 4388 ao
520 4321 606 4409 fugit
634 4324 772 4390 editores
801 4323 1031 4408 subsequentia
1059 4327 1159 4391 verba
1184 4363 1222 4372 —
1254 4328 1344 4413 quid
1372 4331 1471 4394 enim

245 4430 350 4496 aliud
367 4430 475 4494 laeso
494 4436 655 4513 patrono
671 4452 893 4496 concessum
913 4453 1023 4514 quarn
1042 4435 1083 4496 nt
1097 4433 1350 4499 centesimum
1368 4437 1471 4502 ultra

244 4535 411 4621 lapidem
430 4535 469 4598 in
488 4557 592 4600 oram
612 4535 843 4621 Campaniae
862 4537 1046 4602 libertum
1065 4542 1236 4626 releget?
1256 4579 1297 4588 —
1318 4543 1357 4606 ad
1376 4566 1471 4627 quae-

245 4643 384 4708 stionem
406 4642 652 4726 persolvendam
675 4644 850 4728 plurimum
874 4645 1026 4710 conferre.
1068 4648 1196 4714 causale
1228 4647 1314 4732 quod
1336 4653 1471 4715 vocatur
