3300 5224
479 313 520 366 De
539 310 749 383 participiorum
770 330 822 367 usu
839 312 1040 382 praedicativo.
1331 314 1371 376 81

116 475 244 540 .deno
274 475 306 539 ei
334 476 439 540 dedit
472 477 614 540 librum
642 477 806 541 malebant
833 477 937 541 dicere
966 475 1106 540 donum
1134 476 1236 542 libri.
1278 480 1374 562 atque

146 605 218 647 earn
252 583 519 648 consuetudinem
547 584 581 647 in
605 584 789 668 genetivum
822 583 970 668 gerundii
1002 583 1173 648 transferri
1206 603 1272 647 non
1305 605 1374 648 esse

145 693 257 774 potest
288 711 344 756 cur
373 691 534 755 miremur.
576 691 722 774 exempla
748 690 844 756 huius
872 713 963 774 usus,
992 712 1086 774 quem
1116 711 1211 754 nemo
1235 689 1375 775 ignorat,

146 800 225 862 sunt
248 819 298 882 ea,
323 819 403 882 quae
428 819 526 881 supra
548 800 568 877 ἕ
594 798 632 862 11
665 797 995 862 commemoravimus.
1037 819 1136 881 quare
1159 797 1241 860 nihil
1264 801 1374 878 restat,

144 927 243 990 quam
267 909 303 968 ut
330 906 541 988 profiteamur
567 903 606 968 de
634 904 847 988 grammatica
869 904 994 968 ratione
1022 905 1084 969 loci
1108 903 1210 970 Tacit.
1234 926 1309 969 ann.
1332 904 1374 987 II,

144 1012 204 1076 43:
232 1011 422 1076 Plancinam
449 1011 649 1076 hauddubie
675 1011 820 1094 Aupusta
852 1011 972 1076 monuit
1002 1011 1206 1076 aemulatione
1233 1012 1376 1076 muliebri

141 1116 359 1200 nominum
393 1118 566 1182 insectandi
602 1117 781 1182 sententiae
818 1117 1006 1182 Hoffmanni
1044 1139 1104 1182 nos
1142 1140 1273 1204 prorsus
1306 1140 1374 1182 non

145 1224 298 1288 assentiri
320 1221 374 1310 (of¹
393 1226 413 1304 ξ
432 1224 462 1306 8,
479 1222 551 1309 IV).
594 1223 790 1308 singularem
813 1224 909 1288 huius
933 1246 1010 1290 usus
1034 1225 1172 1308 speeiem
1196 1224 1372 1290 Hoffmann

146 1330 279 1394 exhibet
292 1329 360 1394 Liv.
374 1328 510 1413 XXXV,
524 1330 577 1412 49,
595 1329 634 1394 13
653 1350 729 1394 nam
742 1331 823 1411 quod
840 1332 988 1412 optimum
999 1350 1063 1414 ¹csse
1076 1331 1183 1396 dicuat
1199 1352 1262 1396 non
1280 1333 1374 1396 inter-

142 1438 279 1518 ponendi
300 1457 352 1502 aas
380 1437 455 1502 bello
481 1435 563 1500 nibil
589 1435 684 1499 immo
706 1439 771 1499 tam
799 1437 936 1500 alienum
962 1437 1052 1503 reme
1077 1440 1191 1503 nostis
1217 1445 1262 1504 est
1288 1439 1373 1523 quod

145 1543 209 1608 hoo
232 1544 303 1608 loco
318 1543 487 1630 genetivus
506 1541 692 1627 epexegesis
711 1541 815 1606 instar
834 1542 958 1607 accedit
981 1543 1020 1608 ad
1039 1565 1222 1629 pronomen
1246 1547 1373 1630 generis

145 1650 302 1714 neutrius.
340 1649 483 1714 eiusdem
506 1648 572 1712 fere
597 1648 723 1733 generis
748 1651 811 1712 est:
840 1648 921 1713 Vell.
945 1648 992 1732 ΙΙ,
1018 1651 1094 1734 128,
1120 1653 1136 1716 1
1162 1673 1256 1734 neque
1278 1673 1374 1718 nonus

145 1756 196 1821 bia
224 1761 437 1822 messenatae
458 1755 624 1837 populique
645 1755 784 1820 Romani
812 1761 857 1820 est
872 1757 1009 1838 putandi
1036 1758 1117 1838 quod
1142 1759 1291 1842 optimum
1314 1778 1374 1824 esse

144 1863 384 1945 nobilissimum,
412 1883 608 1946 quamquam
636 1861 671 1924 in
693 1861 756 1926 hoe
779 1862 924 1946 exemplo
949 1863 1116 1946 genetivus
1139 1865 1173 1928 in
1196 1865 1303 1929 locum
1326 1865 1374 1928 in-

145 1969 266 2034 finitivi
294 1969 348 2052 qui
372 1967 591 2052 praedicatum
618 1967 751 2050 praebet
774 1967 968 2032 substitutus
990 1989 1059 2032 esse
1087 1969 1221 2036 videtur.
1264 1971 1374 2054 itaque

145 2076 289 2159 perbene
317 2073 457 2157 explicat
483 2071 675 2137 Hoffmann:
713 2094 833 2156 neque
862 2095 984 2138 novus
1011 2074 1072 2139 hic
1105 2097 1183 2141 mos
1217 2079 1374 2141 senatus

145 2181 360 2266 populique
374 2179 538 2244 Romani
558 2183 616 2243 est
634 2179 794 2263 putandi
816 2180 915 2262 quod
935 2203 986 2265 qu.
1003 2203 1026 2245 s.
1054 2180 1138 2245 idem
1155 2202 1224 2247 esse
1240 2203 1289 2246 ao:
1310 2182 1373 2248 hio

145 2309 227 2352 mos
251 2287 417 2370 putandi
441 2337 447 2350 .
467 2337 474 2350 .
494 2335 527 2350 ..
550 2308 627 2351 non
649 2308 769 2351 novus
794 2291 860 2350 est.
898 2308 964 2351 non
984 2286 1078 2351 aliter
1097 2309 1130 2351 se
1149 2288 1282 2354 habent:
1306 2287 1373 2354 Cic.

145 2393 237 2458 Brut.
262 2394 317 2476 74,
342 2393 406 2457 258
435 2393 545 2457 aetatis
567 2393 654 2457 illius
675 2395 737 2458 nto
760 2393 829 2457 laus
849 2393 915 2472 fuit
942 2397 1090 2475 munuum
1116 2395 1308 2461 innocentiae
1330 2398 1374 2460 sic

123 2501 243 2565 2latine
271 2500 419 2581 loquendi.
460 2497 529 2562 Liv.
552 2497 704 2583 XXXIV,
727 2499 784 2583 25,
808 2499 829 2562 5
855 2501 995 2564 omnium
1016 2503 1197 2584 principum
1225 2501 1374 2567 Graeciae

143 2608 251 2671 eadem
282 2606 431 2671 centenno
462 2611 530 2670 mat
559 2626 628 2670 cum
659 2626 756 2671 causa
786 2606 856 2670 belli
887 2626 950 2670 non
982 2612 1056 2671 esset
1084 2608 1155 2673 inde
1179 2610 1374 2690 potissimum

143 2714 287 2778 ordiendi
313 2713 391 2779 belli.
434 2711 606 2777 audaciora
633 2712 804 2795 habemus,
832 2714 859 2776 si
887 2713 1067 2778 subiectum
1101 2714 1284 2798 praedicato
1316 2738 1374 2799 per

144 2819 375 2884 attractionem
393 2820 441 2883 ita
459 2821 686 2902 commutatur,
704 2823 741 2883 ut
760 2820 910 2904 genetivo
926 2841 1001 2883 casu
1019 2824 1137 2903 utatur,
1152 2821 1237 2905 quod
1251 2821 1373 2886 factum

144 2947 219 2989 esse
241 2925 368 2991 videtur
389 2926 425 2988 in
449 2923 630 2991 Sen.·cons.
654 2926 694 2990 ad
717 2926 831 3010 Polyb.
854 2925 898 3010 X,
922 2925 964 2990 29
987 2931 1032 2991 est
1052 2926 1131 2991 mibi
1152 2929 1236 2992 crerlc
1258 2949 1373 3010 magna

140 3031 278 3112 felicitas
304 3034 339 3096 in
361 3034 431 3114 msa
456 3032 603 3113 felicitate
630 3033 789 3097 moriendi.
825 3031 911 3096 idem
935 3035 1023 3096 certo
1054 3033 1171 3098 accidit
1194 3030 1259 3098 eie.
1282 3033 1373 3098 Brut

144 3137 177 3222 1,
200 3139 279 3222 4‚3
311 3120 350 3204 nc
379 3138 501 3218 fenestra
531 3159 707 3220 oppressum
742 3159 805 3204 csse
840 3140 1014 3230 Antonium
1038 3141 1150 3222 canisi
1185 3141 1283 3206 simus
1313 3162 1374 3206 nm

143 3264 262 3326 semper
282 3246 384 3328 prinu
410 3247 533 3310 cuiusce
560 3245 638 3309 mali
665 3244 822 3310 manual
843 3264 939 3310 causa
960 3246 1002 3310 sit
1022 3250 1058 3310 nt
1083 3245 1173 3312 aliud
1192 3251 1384 3313 renascatur.

143 3351 199 3416 illo
216 3353 317 3434 peius
445 3375 447 3386 ’

237 3457 440 3544 Quamquam
464 3458 700 3524 eoncedendum
725 3462 774 3522 est
796 3459 877 3522 talia
900 3459 1048 3542 exempla
1071 3480 1090 3522 a
1114 3457 1219 3525 Taciti
1243 3459 1371 3542 scriptis

146 3585 217 3630 esse
244 3566 366 3650 aliena,
392 3570 502 3631 tamen
531 3565 613 3630 aliae
642 3586 761 3649 eaeque
790 3562 1025 3629 audacissimos
1059 3564 1183 3630 formae
1217 3568 1372 3651 tanquam

145 3672 254 3737 ultimi
277 3673 472 3738 insolentiae
490 3672 571 3735 fines
596 3671 656 3737 soli
674 3670 787 3736 Tacito
807 3669 1018 3736 vindicandae
1039 3674 1122 3736 sunt.
1159 3675 1269 3754 potest
1287 3674 1371 3737 enim

147 3779 365 3862 praedicatum
390 3801 459 3844 esse
484 3779 581 3843 etiam
606 3776 798 3842 adieetivum
822 3777 950 3862 generis
969 3779 1114 3842 neutrius
1133 3778 1200 3842 vice
1224 3779 1372 3844 substan-

146 3886 206 3950 tivi
229 3887 381 3971 fungens,
409 3885 499 3950 velut
522 3907 595 3950 ann.
618 3883 714 3968 XIII,
737 3885 779 3948 26
808 3905 863 3948 nec
882 3905 975 3966 praee
997 3887 1197 3950 manumissis
1211 3905 1272 3968 per
1293 3889 1374 3952 iden

146 3992 320 4074 obsequium
344 3993 502 4082 ,retinendi
534 3992 701 4056 libertatem
727 4011 786 4072 per
817 3992 898 4071 qnod
928 3992 1059 4056 assecuti
1087 3996 1168 4056 sunt.
1176 3990 1201 4074 ¹)
1248 3992 1324 4077 XV,
1352 3993 1373 4058 5

152 4099 310 4182 Vologaesi
327 4105 411 4164 cetus
427 4105 456 4164 et
467 4100 593 4182 penitus
610 4099 744 4180 infinum
760 4101 827 4162 erat
844 4118 936 4162 arma
948 4097 1095 4162 Romana
1112 4100 1241 4164 citandi.
1276 4100 1371 4164 huius

146 4204 390 4270 consuetudinis
419 4204 663 4270 similitudinem
687 4203 850 4287 quandam
872 4204 1031 4286 praebent
1057 4205 1235 4270 locutiones
1260 4206 1371 4289 quales

146 4453 212 4506 dam
232 4451 326 4521 capita
343 4469 376 4506 er
395 4451 519 4521 genetivi
542 4468 594 4506 usu
612 4451 737 4522 Tacitae)
757 4452 933 4520 caeparios,
953 4450 1001 4505 ubi
1021 4450 1055 4504 de
1074 4449 1204 4518 gerardii
1223 4453 1253 4505 et
1270 4467 1370 4520 gerun-

145 4539 206 4596 divi
223 4540 356 4611 genetivo
375 4539 470 4612 agitur
488 4559 515 4610 p.
535 4545 570 4596 56
589 4557 648 4608 squ.

221 4650 247 4717 1)
265 4647 306 4701 De
325 4647 379 4702 hoc
397 4648 460 4702 loeo
479 4649 514 4702 ci.
533 4647 652 4717 append.
672 4647 734 4707 orit.

199 4756 281 4803 nunu,
295 4757 322 4796 da
336 4756 508 4804 participiorum
523 4768 571 4796 usu.
1141 4742 1158 4790 θ
