3300 5224
500 251 541 305 De
560 250 772 320 participiorum
790 267 842 304 usu
860 249 1060 320 praedicativo.
1332 249 1394 312 103

166 419 296 500 repertis
318 436 395 498 quae
417 417 453 480 de
475 420 544 479 artu
565 415 686 496 eitupm
709 465 715 477 .
736 465 742 478 .
762 465 769 478 .
792 414 958 494 composita
979 417 1076 477 mant.
1113 412 1170 497 XI,
1194 414 1213 478 3
1237 415 1395 496 usurpatis

168 524 281 604 quibus
298 525 472 588 insueverat
487 519 759 586 eneraitaticnibns.
787 520 844 603 XI,
861 521 900 584 19
919 519 1022 584 missis
1039 519 1093 600 qui
1111 521 1243 583 maiores
1257 517 1396 584 Obaucas

169 631 213 694 aei
243 629 426 694 deditionem
451 628 635 711 pellicerent.
680 625 740 708 XI,
772 627 816 690 25
847 625 1005 690 subaustis
1035 626 1128 690 etiam
1158 647 1236 706 quas
1268 627 1397 690 dictator
1442 697 1443 700 Ἴ

170 733 287 800 Caesar
308 735 466 818 subtepere.
494 733 551 818 XI,
565 735 606 798 21
631 732 778 798 adhibitis
795 733 849 814 qui
867 732 1068 814 obsipnarant.
1096 731 1153 816 XI,
1168 733 1210 798 33
1229 735 1397 814 assumptis

169 842 281 922 quibus
303 843 383 906 idem
405 845 509 906 nubes.
540 839 612 924 XII,
634 841 674 904 12
697 841 802 904 accitis
823 859 953 919 quarum
976 839 1012 902 de
1034 841 1183 904 smtentia
1199 841 1315 922 petitus
1333 862 1396 906 rea.

169 945 244 1030 XII,
269 947 310 1011 31
335 950 429 1013 caesis
451 949 506 1029 qui
526 947 712 1012 resisterunt.
752 945 830 1029 XII,
854 945 896 1009 33
919 945 1035 1010 additis
1056 947 1111 1028 qui
1126 967 1236 1028 pacem
1258 952 1397 1012 nastrum

169 1055 352 1120 recinebant.
380 1054 454 1138 XII,
473 1054 516 1118 35
535 1055 758 1136 circumspectis
774 1073 853 1142 quae
870 1051 1124 1134 inpetendum.
1155 1051 1243 1137 XIII,
1258 1055 1298 1118 21
1319 1076 1397 1120 corn·

168 1161 262 1226 matis
285 1162 339 1242 qui
361 1163 500 1226 admunt.
534 1160 628 1244 XIII,
652 1161 694 1224 39
719 1164 784 1223 tmn
807 1159 1028 1240 circurspectis
1051 1161 1248 1226 munimentis
1270 1167 1397 1244 atquae

168 1267 392 1348 eaprrpnatiani
414 1268 525 1334 idonea
541 1267 686 1348 provisis.
728 1265 823 1348 XIII,
847 1264 891 1330 55
914 1265 1012 1346 captis
1038 1267 1168 1330 caesisve
1190 1268 1244 1350 qui
1259 1269 1397 1350 punicu

168 1373 238 1438 cius
261 1373 443 1439 restiterunt.
471 1371 561 1456 XIV,
577 1373 617 1436 16
640 1373 803 1438 contructis
820 1371 931 1454 quibus
948 1371 1057 1452 aliqua
1073 1375 1233 1455 perpendi
1252 1374 1396 1454 familias.

166 1477 264 1561 XIV,
291 1479 333 1544 31
366 1481 524 1545 cmnmctis
556 1481 598 1544 ad
632 1480 823 1549 rebellionem
856 1478 1097 1542 Trinobantibus
1132 1481 1187 1561 qui
1223 1481 1396 1546 turbabunt.

164 1582 259 1667 XIV,
281 1585 325 1648 40
348 1587 475 1652 adscitis
497 1607 580 1669 pnes.
612 1585 702 1670 XIV,
725 1586 767 1650 47
791 1584 992 1652 adulantibus
1014 1585 1129 1650 circum
1151 1587 1213 1667 qui.
1246 1585 1334 1670 XIV,
1353 1587 1396 1652 53

158 1693 365 1774 prodentibus
392 1695 434 1760 iis
459 1693 569 1776 quibus
596 1693 703 1775 atiena
732 1693 849 1758 bonesti
871 1691 970 1773 culpa.
1011 1689 1100 1775 XIV,
1124 1691 1167 1756 54
1193 1694 1247 1757 sad
1273 1692 1397 1758 baditis

166 1819 301 1880 quarum
321 1799 442 1882 sulpure
458 1802 682 1883 praestrinpar.
718 1799 790 1878 XV,
814 1800 833 1864 8
861 1803 1002 1880 corrupta
1025 1799 1080 1879 qui
1101 1804 1209 1881 captus
1231 1805 1298 1864 erut
1319 1821 1397 1864 cam·
1532 1805 1540 1820 ⁰

166 1909 282 1968 meatrr.
311 1903 384 1989 XV,
409 1906 449 1971 16
473 1907 666 1972 adstantibus
688 1908 729 1972 iis
752 1956 759 1972 .
780 1955 787 1970 .
806 1957 813 1970 .
833 1955 840 1970 .
863 1924 939 1986 quas
960 1904 1094 1970 miserat.
1123 1904 1194 1990 XV,
1217 1907 1258 1970 27
1283 1908 1398 1988 apertis

166 2032 249 2094 quae
270 2016 402 2078 uetustas
425 1997 623 2094 obsaepserat.
654 2010 726 2096 XV,
740 2012 784 2076 34
807 2031 922 2095 epressa
946 2013 999 2092 qui
1022 2011 1158 2090 affuerat
1173 2013 1298 2094 papula.
1326 2011 1398 2095 XV,

167 2118 214 2182 52
232 2123 374 2200 praeapte
391 2121 514 2184 daberis
532 2122 587 2202 qui
609 2171 616 2184 .
636 2170 642 2184 .
663 2169 670 2183 .
693 2123 797 2184 essent.
827 2116 951 2201 XVI,2
971 2119 1074 2182 missis
1088 2139 1145 2200 per
1162 2139 1241 2200 pum
1258 2123 1398 2184 nosceret.

170 2222 266 2308 XVI,
290 2225 309 2288 3
341 2227 596 2294 ecnsunmbantnr
621 2231 730 2291 ueteres
758 2245 828 2308 apes
854 2225 945 2306 qnasi
971 2223 1080 2288 obtatis
1106 2244 1181 2306 quas
1210 2225 1322 2290 multas
1339 2247 1398 2306 per

168 2318 578 2415 dampnabuntur.
601 2331 626 2414 I,
649 2333 693 2396 44
716 2332 855 2398 certatim
877 2331 1098 2396 ostentantibus
1121 2337 1262 2396 cruentas
1284 2352 1398 2396 uranus

167 2439 226 2521 qui
247 2439 431 2505 acciderunt.
459 2439 559 2524 11,16
582 2441 742 2523 dispressis
764 2439 817 2520 qui
835 2437 1007 2504 Pacarium
1024 2437 1268 2520 frequentabant.
1297 2436 1340 2523 II,
1353 2440 1398 2503 42

166 2546 296 2628 repertis
318 2547 373 2627 qni
395 2547 550 2614 desciuisse
573 2569 593 2612 a
622 2546 743 2613 Vitellia
765 2546 928 2612 maritum
951 2546 1176 2610 ementirentur.
1213 2545 1255 2630 Π,
1278 2545 1322 2612 45
1344 2547 1399 2628 qui

166 2653 329 2733 ferociores
349 2655 479 2733 fueraut
499 2655 542 2720 ad
557 2655 780 2736 poeniteutiam
802 2653 1032 2718 inclinantibus.
1068 2651 1116 2735 Il,
1139 2651 1182 2716 85
1205 2652 1410 2734 proturbatis

169 2759 226 2842 qui
247 2759 283 2828 dc
307 2757 425 2826 Otbane
446 2759 642 2828 nuntiabant.
683 2759 745 2843 III,
772 2761 812 2824 10
834 2759 967 2824 disiectis
994 2759 1049 2840 qui
1071 2759 1210 2824 tribunat
1237 2758 1399 2824 tuebantur

170 2871 323 2940 extremus
339 2868 525 2950 parabatur.
561 2867 625 2952 III,
651 2867 691 2932 13
714 2866 929 2950 incipientibus
952 2867 1006 2948 qui
1029 2866 1142 2931 conscii
1164 2866 1303 2930 aderam.
1340 2863 1399 2949 III,

171 2974 214 3038 68
237 2973 474 3044 reclamantibus
495 2977 551 3057 qui
565 2977 604 3040 in
617 2975 754 3040 cautione
776 2974 968 3039 adstiterunt.
990 2970 1049 3052 III,
1065 2972 1107 3036 74
1126 2971 1327 3053 frementibus
1345 2973 1400 3054 qui

164 3081 317 3163 petebant.
358 3080 414 3162 IV,
439 3084 480 3146 19
509 3081 707 3166 arpuantibus
739 3081 816 3162 iprsis
847 3081 901 3162 qui
932 3084 1104 3146 suaseram.
1144 3076 1201 3162 IV,
1224 3077 1268 3143 24
1295 3080 1399 3145 misus

164 3208 224 3269 per
248 3186 449 3271 (tutiusque
472 3189 591 3256 auritio
619 3189 780 3254 concirent.
819 3186 876 3272 IV,
899 3185 943 3251 35
960 3187 1144 3270 praemissis
1166 3187 1219 3268 qui
1240 3191 1350 3267 pantes
1372 3192 1401 3251 et

170 3295 295 3360 accrum
318 3300 451 3378 semusta
473 3298 647 3362 insiderent.
682 3294 739 3374 IV,
754 3295 796 3361 39
811 3296 855 3360 sic
869 3299 963 3378 epestc
982 3295 1133 3376 quidquid
1150 3293 1315 3358 turbidum.
1342 3293 1399 3378 IV,

173 3403 212 3468 71
242 3402 347 3468 missis
370 3451 377 3466 .
398 3450 432 3466 ..
455 3404 509 3486 qui
531 3453 539 3469 .
559 3453 565 3466 .
585 3451 593 3468 .
615 3407 764 3468 uerterent
791 3406 943 3467 contracta
969 3402 1051 3482 quad
1077 3405 1144 3465 crat
1169 3399 1305 3464 miiitum
1327 3399 1398 3464 Ma-

167 3508 317 3592 puntiuci.
345 3506 385 3593 V,
413 3509 453 3575 12
475 3511 580 3579 missis
602 3561 610 3577 .
632 3560 639 3574 .
659 3559 667 3574 .
688 3511 743 3592 qui
766 3560 773 3574 .
794 3559 827 3573 ..
851 3508 1072 3574 abtmncarmt.
1100 3506 1140 3592 V,
1167 3508 1205 3572 13
1229 3507 1400 3588 absumptis

171 3617 227 3698 qni
249 3615 416 3682 iaciuntur.
450 3615 489 3700 V,
515 3619 554 3682 19
582 3619 683 3700 raptis
711 3638 788 3699 quae
813 3617 891 3698 ferri
913 3619 1066 3700 poterant.
1102 3615 1144 3679 ib.
1167 3615 1300 3680 disiectis
1322 3635 1400 3696 quac

171 3723 382 3789 morabantur.
415 3723 524 3808 Agris.
551 3724 590 3789 19
614 3725 802 3790 circumcisis
823 3745 908 3806 quae.
939 3723 982 3788 36
1005 3723 1112 3787 stratis
1134 3723 1196 3804 qui.
1225 3722 1268 3786 39
1292 3723 1400 3804 emptis

171 3847 310 3911 puerum.
343 3827 426 3894 Vell.
449 3827 492 3910 IL
515 3829 536 3894 5
559 3830 654 3895 aditis
677 3851 755 3912 quae
776 3831 829 3896 rin
851 3829 961 3895 andita
983 3834 1080 3895 aaut.
1111 3829 1152 3913 II,
1176 3831 1219 3894 42
1242 3831 1400 3894 mandatis
1435 3840 1437 3846 '

172 3934 326 4016 custodiae
348 3954 423 4016 pnas
445 3942 589 4019 maperat.
626 3934 702 4001 Sall.
725 3935 795 4020 lug.
819 3936 875 4021 53,
901 3937 917 4000 1
949 3937 1086 4004 remissis
1108 3939 1162 4018 qui
1190 3938 1224 4001 in
1241 3938 1399 4019 praesidia

172 4047 269 4109 eruut.
310 4041 382 4125 106,
404 4044 425 4108 3
446 4044 579 4125 proditis
598 4064 675 4126 quas
695 4044 830 4108 ducebat.

195 4236 231 4304 Η.
265 4236 309 4300 Dc
325 4234 483 4314 ablativa
502 4237 649 4303 absoluto
673 4237 840 4320 parttcipii
862 4239 1042 4320 praesentis
1064 4239 1153 4304 nullo
1172 4238 1375 4304 substantivo

710 4343 866 4428 appcsiia.

264 4469 311 4534 Ut
333 4470 428 4536 modo
453 4471 711 4536 demonstratum
735 4473 797 4551 est,
822 4469 959 4535 ablativi
986 4469 1130 4536 absoluti
1158 4472 1298 4554 emtant,
1322 4492 1398 4553 quo-

175 4599 247 4644 rum
267 4576 448 4644 subiectum
467 4598 505 4641 cx
525 4576 794 4660 subsequentibus
813 4577 1024 4660 repetendum
1039 4579 1102 4661 est,
1126 4576 1181 4641 sed
1200 4577 1298 4642 etium
1316 4578 1398 4658 tales
