3300 5224
662 352 811 422 Appendix
830 353 934 407 critica.
1347 351 1411 414 135

274 517 389 582 Restat
408 519 444 581 ut
459 516 617 598 dicamuS,
637 515 712 598 quid
726 537 785 580 nos
802 516 989 580 sentiamus.
1022 535 1059 579 ac
1075 514 1341 597 proficiscendum
1360 535 1411 576 me

181 625 285 690 iudice
301 628 350 689 est
369 647 388 688 a
407 623 532 688 duobus
551 622 700 687 vocibus:
723 645 853 687 verum
873 661 915 668 —
937 623 1165 706 certamina,
1184 641 1265 705 quae
1285 621 1412 684 sirecte

181 733 365 797 intellectae
380 733 482 813 erunt,
502 727 596 794 nobis
612 732 765 812 tanquam
781 730 928 816 offerunt,
948 732 1034 817 quod
1048 753 1107 816 pro
1122 710 1280 794 vocabulo
1295 727 1412 791 maio-

181 861 242 902 res
263 837 476 922 supplendum
497 836 552 919 sit,
576 837 734 900 namhoc
760 841 945 920 corruptum
967 861 1037 904 esse
1056 836 1266 922 praecedente
1288 832 1410 899 Ioanne

182 944 339 1010 Muellero
360 944 571 1028 suspicamur,
591 964 785 1027 quamquam
799 943 947 1010 Muelleri
966 946 1185 1010 coniecturam
1204 943 1308 1025 ipsam
1322 940 1412 1004 reici-

182 1073 261 1115 mus.
295 1073 332 1116 ac
355 1049 616 1114 coniunctionem
639 1070 768 1112 verum
792 1050 876 1114 idem
895 1049 1002 1115 valere
1026 1055 1255 1117 ascetarum
1279 1046 1411 1112 confidi·

182 1181 263 1243 mus,
283 1158 374 1223 cuius
391 1156 636 1242 significationis
656 1178 728 1220 cum
748 1156 833 1240 apud
851 1158 971 1222 multos
989 1157 1180 1242 posterioris
1200 1155 1316 1220 aetatis
1337 1153 1411 1218 scri·

182 1269 304 1349 ptores,
322 1270 393 1328 tum
408 1263 494 1347 apud
508 1263 656 1326 Tacitum
675 1263 837 1328 luculenta
856 1268 985 1331 exstant
998 1265 1152 1349 exempla.
1186 1263 1296 1345 itaque
1316 1282 1411 1324 enun-

181 1373 254 1435 tiati
277 1371 377 1436 verba
390 1392 519 1435 verum
537 1369 631 1434 haec
649 1370 761 1434 nobis
786 1393 842 1454 qu.
862 1394 939 1457 squ.
963 1371 1122 1437 artissime
1147 1369 1318 1435 cohaerere
1337 1387 1410 1432 cum

183 1479 447 1543 antecedentibus
471 1476 534 1540 sed
554 1477 789 1560 praecipuus
810 1479 991 1543 adstricti
1010 1501 1067 1562 qu.
1087 1500 1165 1562 squ.
1188 1474 1411 1541 contendimus

183 1588 216 1648 et
231 1584 389 1648 vocabulo
409 1604 538 1647 verum
555 1612 597 1634 =
612 1587 781 1648 ceterum
800 1607 881 1668 opus
897 1607 966 1650 esse
981 1585 1055 1649 inde
1070 1587 1214 1668 apparet,
1232 1580 1317 1664 quod
1333 1580 1412 1665 legi·

183 1692 282 1755 timus
306 1689 463 1754 orationis
488 1689 566 1755 ordo
591 1691 758 1756 enuntiato
782 1691 859 1754 nisi
884 1691 987 1757 forte
1010 1692 1124 1756 rebus
1148 1689 1299 1754 cunctis
1322 1735 1409 1752 ....

182 1797 370 1862 imitanda
390 1795 560 1879 posteris
584 1796 681 1860 tulit
704 1797 958 1880 interrumpitur.
990 1818 1087 1881 porro
1107 1795 1183 1881 quid
1203 1816 1271 1859 voc.
1290 1797 1413 1858 certa·

183 1905 286 1968 mina
313 1904 374 1967 sibi
403 1903 480 1967 velit
508 1903 687 1987 quaeritur,
707 1925 791 1967 nam
816 1903 854 1967 de
876 1903 1008 1968 notione
1031 1903 1126 1967 huius
1150 1903 1237 1966 vocis
1262 1900 1408 1984 quaestio

184 2012 257 2094 plus
281 2012 427 2075 minusve
450 2009 679 2094 praetermissa
702 2013 765 2074 est:
788 2011 883 2074 nobis
904 2016 1012 2074 autem
1036 2010 1075 2073 ad
1099 2010 1206 2073 locum
1230 2005 1410 2072 sanandum

182 2119 357 2202 plurimum
381 2116 487 2180 valere
507 2115 642 2179 videtur.
680 2138 743 2199 qua
766 2117 851 2180 enim
875 2116 910 2180 in
932 2137 966 2180 re
987 2119 1135 2179 constare
1155 2115 1212 2178 illa
1230 2113 1409 2179 certamina

183 2224 359 2309 putemus?
391 2222 651 2287 contenderimus
674 2222 709 2286 in
734 2224 827 2288 bonis
854 2223 997 2287 moribus
1022 2222 1188 2285 imitandis
1211 2243 1292 2286 neve
1320 2219 1409 2284 dubi-

182 2333 332 2396 tarimus·
353 2331 432 2394 haec
466 2329 644 2393 certamina
675 2329 795 2394 referre
829 2329 869 2394 ad
901 2328 1092 2413 Vespasiani
1125 2329 1241 2393 aetatis
1270 2348 1412 2391 amorem

184 2437 366 2502 aemulandi
395 2435 475 2522 (scil.
503 2436 637 2519 bonum,
670 2436 856 2521 honestum,
890 2438 993 2502 bonos
1021 2433 1157 2518 mores),
1190 2435 1245 2521 qui
1277 2434 1414 2499 validior

184 2548 265 2628 erat,
289 2567 385 2629 quam
409 2565 532 2627 poena
551 2565 594 2607 ex
616 2544 769 2628 legibus
790 2548 827 2608 et
845 2547 978 2608 metus.
1015 2543 1108 2606 haec
1126 2563 1194 2606 voc.
1213 2542 1313 2626 igitur
1331 2541 1413 2605 nihil

185 2651 273 2715 aliud
293 2652 469 2736 significat,
493 2672 590 2733 quam
610 2649 804 2732 Vespasiani
824 2651 941 2715 aetatis
961 2650 1138 2714 certamina
1155 2649 1307 2732 honesta,
1331 2669 1412 2732 quae

184 2758 246 2822 etsi
265 2757 446 2823 Domitiani
464 2757 599 2839 imperio
616 2756 782 2822 deminuta
798 2761 883 2841 sunt,
904 2761 1014 2821 tamen
1036 2757 1290 2839 permanserunt.
1322 2775 1413 2836 prae-

184 2869 273 2928 terea
299 2864 477 2948 quaeritur,
501 2861 577 2946 quid
602 2884 661 2945 pro
681 2884 760 2928 voce
784 2863 963 2946 maiores,
987 2862 1021 2925 in
1044 2885 1108 2946 qua
1127 2861 1343 2945 corruptelam
1366 2860 1414 2922 in-

185 2992 256 3035 esse
293 2968 564 3034 verisimillimum
601 2967 729 3033 videtur
763 2970 969 3033 coniciamus.
1005 2968 1115 3054 itaque
1152 2968 1180 3033 si
1215 2966 1292 3052 quid
1328 2964 1413 3029 vide-

185 3100 258 3142 mus
279 3076 436 3141 vocabulo
456 3074 621 3138 maiores
644 3075 678 3137 in
702 3096 844 3139 morum
870 3078 994 3140 mutato
1018 3097 1085 3140 non
1103 3075 1186 3138 male
1209 3074 1300 3138 locus
1321 3093 1413 3136 suna-

184 3188 250 3268 tur‚
273 3188 311 3248 ut
339 3183 469 3267 egregia
496 3181 668 3245 verborum
691 3183 935 3247 continuatione
961 3185 994 3246 et
1017 3181 1156 3245 dilucida
1179 3180 1412 3244 sententiarum

184 3289 413 3374 perspicuitate
443 3287 630 3351 vertendum
659 3289 714 3352 sit:
743 3289 925 3373 tibrigens
956 3293 1064 3372 muge
1095 3287 1221 3351 dieser
1253 3286 1415 3350 ehrbare

185 3393 424 3478 wettlrampf‚
451 3394 515 3458 der
542 3416 622 3458 zum
651 3395 780 3477 object
813 3394 871 3458 die
903 3397 992 3478 gnte
1026 3392 1119 3458 sitte
1151 3391 1231 3475 hat,
1263 3391 1413 3455 torthe-

186 3503 331 3566 stehen.

273 3617 537 3685 Ann.x111,26
564 3625 618 3671 uec
637 3627 731 3689 praue
753 3608 955 3672 manumissis
971 3627 1030 3689 per
1047 3607 1128 3671 idem
1145 3605 1320 3687 obsequium
1342 3604 1414 3667 reti

185 3717 280 3780 uendi
303 3716 471 3779 libertatem
491 3735 547 3796 per
569 3715 651 3794 quod
672 3716 800 3780 assecuti
822 3719 902 3780 suut.

275 3821 364 3887 Haec
388 3825 465 3886 sunt
492 3821 608 3884 ultima
631 3821 729 3884 verba
758 3821 888 3905 capitis,
917 3820 1003 3905 quod
1031 3818 1123 3885 foede
1147 3823 1332 3904 corruptum
1356 3825 1414 3885 est.

187 3928 338 4010 inprimis
362 3929 576 4008 examinanda
600 3931 692 3992 erunt
715 3923 827 3993 sertia:
855 3948 909 3992 uec
932 3929 1068 4011 deuant,
1096 3927 1150 4009 qui
1171 3933 1335 4011 censerent,
1363 3929 1416 3992 sed

185 4036 321 4100 consules
334 4035 481 4100 relatione
498 4036 631 4116 irrupere
649 4054 713 4098 uon
727 4035 797 4099 ausi
810 4036 920 4117 paura
933 4034 1076 4116 principe
1088 4033 1293 4116 perscripsere
1312 4039 1415 4098 tamen

184 4144 212 4207 ei
239 4163 416 4208 consensum
444 4148 578 4208 senatus.
623 4142 676 4206 iile
702 4163 746 4206 aa
775 4146 883 4206 auctor
910 4141 1134 4206 constitutionis
1160 4140 1246 4221 fieret
1272 4145 1307 4204 ut
1332 4142 1414 4204 iuter

177 4270 297 4333 paucos
319 4255 348 4314 et
368 4251 535 4314 sententiae
558 4251 698 4314 aduersos
726 4233 913 4329 quibusdam
937 4249 1081 4313 coalitam
1108 4247 1145 4309 iu
1173 4244 1308 4310 libertate
1334 4267 1414 4311 reae-

183 4358 317 4421 reutiam
335 4377 368 4421 eo
380 4358 564 4439 prorupisse
580 4356 780 4437 frementibus
802 4356 837 4419 ui
858 4375 897 4420 ae
915 4375 958 4419 au
978 4353 1073 4436 aequo
1092 4373 1161 4418 oum
1179 4354 1325 4434 patronis
1346 4354 1414 4418 iure

183 4468 308 4547 opereat
328 4465 510 4528 seutentiam
533 4482 639 4527 eorum
662 4463 916 4527 consularentur
936 4461 1106 4526 iamenu
1128 4478 1242 4523 mances
1263 4459 1344 4523 ultro
1367 4459 1414 4523 in

184 4572 338 4635 maderent
359 4571 507 4653 impulere
527 4569 574 4633 ael
591 4589 727 4651 poenam
750 4589 840 4634 suam
863 4568 1080 4634 dissuadentes.

275 4676 396 4741 Locum
424 4676 597 4741 admodum
625 4675 776 4742 mutilum
809 4697 879 4740 esse
907 4673 1115 4740 manifestum
1144 4673 1284 4758 videtur,
1316 4694 1413 4756 quare
