3340 5218
251 251 314 314 120
377 223 380 230 Ι
603 292 606 296 -
790 249 881 321 eaput
898 251 932 308 V.

235 414 360 498 dantis.
406 413 436 499 l,
460 415 502 481 72
518 414 726 496 praetexentis
748 420 901 479 1111111111
923 413 962 480 ab
984 435 1017 480 eo
1039 414 1148 495 dliam.
1195 413 1242 498 ΙΙ,
1265 415 1306 480 21
1335 395 1480 479 urbanae

248 519 380 584 ruditiae
402 526 430 584 et
445 522 676 604 praetoriorum
699 520 867 586 cohortium
890 523 978 586 decus
1001 521 1203 586 addentium.
1248 519 1293 603 II,
1317 521 1360 584 22
1386 525 1479 584 scuta

248 626 459 710 quatientium,
522 626 585 712 III,
615 627 658 690 34
699 629 825 692 irritam
855 629 1008 710 maulam
1045 627 1195 694 militibus
1231 627 1370 708 effecerat
1404 649 1478 692 cou-

248 754 354 798 sensus
382 734 497 798 Itabioe
537 735 715 815 emptionem
750 735 859 798 tatium
896 736 1121 817 mancipiorum
1157 715 1375 818 aspernantia
1411 733 1480 817 III,

249 839 292 905 50
326 837 485 906 seditiosae
516 842 652 906 miiitum
682 861 765 906 rocos
796 841 948 906 terrebant
973 842 1227 908 clocarium...
1255 842 1480 924 ttopitoutium.

248 945 310 1030 III,
335 947 376 1011 58
409 946 592 1012 clamoribus
621 948 729 1028 popuii
759 968 851 1012 armo
877 949 1029 1030 poscentis
1055 948 1254 1028 refovebatur.
1300 947 1396 1030 1v‚s
1422 967 1479 1011 oa-

248 1053 306 1118 riis
338 1058 373 1116 ut
403 1059 476 1116 sunt
505 1039 665 1147 bominum
696 1055 823 1138 inpeuio
856 1055 1046 1120 sermonibus
1074 1057 1310 1120 moderationem
1345 1037 1479 1120 laudan-

250 1161 327 1224 tium
349 1165 405 1233 aut
422 1161 627 1226 constantiam
650 1162 878 1242 requirentium.
931 1160 988 1244 IV,
1012 1162 1055 1225 34
1077 1161 1149 1228 binc
1171 1163 1206 1226 in
1233 1163 1338 1227 ducem
1361 1161 1481 1226 emmor

120 1353 126 1364 Ι
249 1287 386 1350 pponam
408 1267 607 1349 poscentium
634 1265 706 1350 IV,
728 1268 770 1332 47
800 1288 915 1350 mapua
942 1269 1123 1333 documenta
1149 1268 1305 1332 instabitis
1330 1267 1481 1347 fortunae

250 1393 429 1454 summaque
452 1379 481 1437 ct
508 1375 574 1438 imo
596 1374 759 1440 miscentis.
810 1377 888 1458 Agr.
910 1375 948 1439 11
978 1377 1092 1440 rutilae
1110 1361 1309 1440 Caledoniam
1336 1373 1480 1438 babitare

252 1481 329 1545 tium
351 1501 459 1544 cornae.
497 1481 539 1545 28
562 1481 784 1548 Brittannum
806 1501 865 1546 sua
887 1481 1121 1561 defensantium.
1162 1481 1245 1546 Vell.
1270 1481 1298 1564 I,
1322 1481 1337 1543 1
1362 1479 1478 1546 Ieercdi·

252 1587 368 1650 tarium
391 1587 554 1651 coercentis
576 1589 611 1652 in
634 1609 702 1652 euno
725 1589 837 1656 odium.
883 1588 913 1672 I,
936 1588 956 1652 9
986 1586 1104 1652 Octauii
1125 1588 1280 1677 muctmis
1302 1587 1427 1652 navalis
1451 1591 1481 1652 et

251 1692 360 1758 Anicii
376 1713 476 1775 repem
493 1692 676 1778 Jbbpriorunr
696 1697 835 1778 pontium
853 1699 924 1760 autc
941 1715 1069 1759 1111111111
1084 1696 1202 1777 operitis
1221 1693 1370 1775 triumphi
1391 1693 1480 1772 fuere

251 1798 383 1863 celebres.
424 1797 470 1881 II,
496 1800 535 1863 11
568 1801 717 1866 tradentis
742 1803 809 1866 iam
835 1802 872 1865 in
899 1802 1022 1868 tertium
1049 1821 1168 1866 anuum
1188 1794 1313 1864 beblum.
1363 1798 1410 1882 II,
1437 1801 1478 1864 12

251 1906 437 1970 continuatis
459 1905 623 1970 bonoribus
646 1929 710 1972 rem
727 1908 883 1990 publicam
908 1908 1110 1974 lacerantium
1127 1913 1156 1972 et
1174 1908 1290 1990 pbadiis
1312 1926 1428 1988 queam
1450 1911 1481 1969 et

251 2014 339 2076 caede
357 2013 481 2076 comitia
498 2013 734 2080 discutientiurn.
770 2013 815 2096 II,
835 2013 878 2078 55
896 2015 1030 2096 undiquc
1048 2014 1092 2078 ad
1107 2034 1177 2078 eum
1195 2011 1345 2096 (Pompei
1360 2010 1478 2096 filium)

251 2119 351 2184 adim
367 2120 494 2200 paterni
517 2111 652 2185 nonrim's
674 2122 918 2202 mapuo'tudinem
940 2121 1128 2201 sequentium
1146 2140 1184 2183 ea
1207 2125 1266 2184 toto
1290 2118 1359 2183 orbe
1382 2123 1478 2184 terro·

251 2247 323 2290 riom
345 2226 474 2290 auniiiis
496 2227 723 2308 confluentibus.
764 2227 810 2306 II,
836 2228 878 2291 72
907 2247 976 2290 cum
1003 2247 1115 2309 nmpuo
1137 2227 1326 2308 sequentium
1348 2226 1479 2290 consilia

251 2353 309 2397 sua
336 2334 489 2397 contituta.
539 2332 585 2412 ΙΙ,
612 2335 674 2398 102
702 2354 756 2398 nec
782 2333 880 2414 defuit
905 2335 1091 2398 conservatio
1120 2333 1281 2400 uoumuu
1308 2333 1386 2396 uitia
1413 2332 1480 2396 eius

252 2440 456 2505 assentatione
482 2441 639 2505 aientium.
685 2437 731 2522 II,
757 2439 820 2504 103
847 2439 1048 2504 inserentium
1077 2439 1154 2504 coebo
1181 2459 1303 2506 manus
1321 2497 1324 2504 .
1344 2437 1389 2521 II,
1415 2437 1479 2502 125

252 2547 304 2613 sed
325 2545 398 2613 baec
421 2547 527 2615 omnia
549 2546 656 2612 ueteris
679 2546 874 2628 imperatoris
897 2547 1064 2610 nmtroritas
1086 2546 1185 2611 muIta
1207 2545 1372 2612 irrbdnutis
1390 2593 1399 2608 .
1418 2593 1424 2610 .
1443 2593 1479 2610 ..

253 2653 334 2720 breui
359 2654 453 2734 sopiit
478 2673 515 2718 uc
541 2653 672 2742 sustulit.
725 2651 773 2736 II,
798 2648 858 2718 129
891 2672 967 2718 usus
989 2648 1067 2736 (est)
1095 2673 1188 2734 opero
1215 2651 1326 2718 Flacci
1352 2650 1481 2734 Pompei

254 2807 315 2822 ...
338 2760 481 2824 1111111111
502 2779 619 2842 semper
640 2779 801 2842 nuuqiram
823 2760 976 2840 captantis
995 2756 1165 2842 pieriam.¹)

350 2915 412 2970 111.
435 2914 598 2984 Parttelpll
617 2915 786 2984 praesentis
806 2930 873 2970 eum
893 2915 994 2970 dativo
1014 2914 1154 2982 iungitur
1172 2913 1374 2970 accusativus·

343 3023 417 3088 Tac.
437 3047 509 3089 ann.
528 3025 588 3110 XI,
607 3026 650 3090 34
672 3047 710 3094 ue
733 3027 828 3092 mutto
845 3031 918 3108 post
934 3025 1040 3090 urbem
1062 3024 1246 3107 inpredicnti
1264 3023 1480 3102 offerebantur.

254 3129 328 3213 XII,
346 3131 386 3194 15
402 3133 574 3212 potentiam
592 3131 770 3198 Rauranum
789 3132 1017 3197 ostentantibus.
1054 3129 1128 3214 XII,
1142 3130 1185 3195 45
1208 3129 1367 3196 Romanos
1390 3132 1480 3194 aurci-

254 3238 296 3301 tio
318 3239 446 3303 uocanti.
482 3235 576 3321 XIII,
599 3238 620 3302 5
644 3239 750 3320 tepetis
769 3237 990 3302 Armeniorum
1013 3255 1140 3302 causam
1159 3237 1259 3318 pontis
1282 3237 1368 3316 opud
1385 3237 1481 3301 Nero-

254 3363 323 3406 uem
346 3345 513 3409 mantibus.
558 3342 652 3428 XIII,
676 3344 718 3408 29
747 3345 851 3408 11111111
876 3342 969 3407 robur
996 3343 1107 3406 aetatis
1129 3363 1198 3406 euno
1219 3343 1362 3424 primum
1384 3343 1481 3425 acopi-

254 3454 387 3514 stratum
414 3451 643 3533 capessentibus.
690 3419 778 3532 XIV,
804 3451 822 3514 8
856 3451 922 3514 iam
948 3450 984 3514 iu
1011 3453 1138 3512 1111111111
1165 3449 1336 3512 centurioni
1361 3450 1482 3530 ferroum

254 3557 452 3640 destrinpenti
474 3606 561 3624 ....
589 3556 777 3621 exclamauit.
818 3555 906 3639 XIV,
930 3557 969 3620 31
994 3555 1067 3622 baec
1090 3556 1192 3636 operati
1214 3553 1367 3620 Suetonio.
1407 3555 1483 3640 XV,

255 3663 298 3728 35
321 3683 434 3728 numus
454 3663 663 3744 frequentanti
681 3661 807 3726 Neroni.
849 3660 921 3746 XV,
940 3662 982 3725 37
1006 3664 1051 3726 rei
1071 3663 1297 3744 furuncutariae
1319 3663 1482 3746 arrprrstias

255 3771 283 3834 si
310 3767 424 3836 obesset
450 3769 601 3833 metuenti.
643 3766 736 3851 XVI,
753 3769 803 3836 22
836 3769 1017 3833 anctoritate
1048 3771 1114 3834 eius
1142 3769 1319 3834 concidisset
1346 3769 1483 3834 irruentis

256 3875 387 3944 Cilicum
410 3877 523 3959 bepatos
540 3876 614 3939 dum
632 3871 812 3956 Capitonem
834 3877 1072 3957 repetundarum
1094 3877 1292 3957 intorropaut.
1331 3873 1419 3958 XVI,
1438 3877 1481 3940 22

255 4005 334 4049 uoco
353 3982 549 4066 cupientibus.
585 3979 678 4064 XVI,
698 3981 740 4044 29
764 4001 877 4046 acaum
896 3985 924 4046 et
942 3981 1001 4048 teia
1020 3982 1155 4047 miiitum
1173 3967 1370 4047 cernentibus.
1404 3981 1481 4048 hist.
1541 4063 1547 4072 ,

255 4091 285 4175 I,
311 4092 329 4155 7
358 4091 556 4172 imperotores
578 4136 586 4151 .
606 4137 613 4152 .
632 4137 666 4154 ..
696 4087 953 4170 commanentibus.
1003 4087 1033 4172 I,
1057 4089 1101 4153 20
1131 4093 1238 4154 arneto
1265 4087 1482 4154 scrutantibus.

255 4195 285 4283 I,
308 4197 351 4262 34
378 4196 561 4278 speciosiora
586 4194 784 4259 suadentibus
806 4193 938 4259 accessit.
983 4193 1012 4277 I,
1037 4195 1076 4258 11
1106 4195 1231 4260 eandem
1258 4195 1400 4260 uirtutem
1428 4197 1482 4261 oct-

256 4301 451 4368 mirantibus.
496 4299 526 4384 I,
550 4301 593 4367 85
615 4303 740 4383 privato
765 4299 880 4365 Otbone
902 4322 1000 4383 nuper
1026 4305 1116 4382 atque
1142 4302 1246 4365 eadem
1275 4301 1388 4366 dicenti
1409 4306 1483 4367 nota

258 4410 407 4474 adulatio.
449 4407 479 4491 I,
503 4409 545 4473 86
562 4409 696 4490 paranti
718 4408 936 4490 expeditionem
960 4405 1082 4472 Otboui.
1124 4406 1168 4490 II,
1191 4408 1234 4472 23
1256 4414 1427 4490 suspectum
1449 4409 1485 4473 id

258 4535 470 4548 ...-------

329 4588 356 4657 1)
373 4585 415 4644 De
434 4583 507 4642 Vell.
526 4583 566 4652 11,
587 4588 636 4640 109
656 4582 691 4638 cs.
710 4579 830 4654 append.
850 4581 911 4638 crib.
