3340 5218
268 319 332 383 112
808 317 899 387 Caput
916 317 949 374 V.

264 503 321 548 uos
347 484 382 547 ta
405 482 598 565 Hispaniam
627 483 670 548 ad
694 483 859 564 mimarios
886 481 1043 565 aristolao,
1069 482 1308 562 quotcunque
1335 481 1411 564 terrio
1434 501 1505 562 pro

268 588 384 654 Othone
406 591 534 656 adorsa
563 590 683 656 Vitellio
704 589 821 669 fueret,
848 593 1039 670 spernuntur
1062 607 1122 670 per
1145 586 1271 652 Gallius
1298 588 1404 653 literae
1432 607 1503 650 mo·

266 701 422 778 unumque
440 698 582 779 temporis
599 697 754 780 (inprobat
771 698 878 779 irpeas
896 697 1009 762 bellum
1026 696 1165 779 Illyricis
1183 696 1364 761 exercitibus
1381 697 1504 778 potrum

265 801 492 866 desciscentibus
515 802 620 866 actoru
640 802 804 882 fortunam
826 802 983 868 secuturis.

782 1231 903 1350 Caput
930 1189 993 1304 Vll

552 1395 598 1463 De
627 1395 884 1484 participiorum
911 1396 1036 1466 natura
1064 1394 1207 1465 verbali.

829 1603 924 1682 §2st

478 1738 527 1792 De
549 1733 734 1807 participiis
757 1703 885 1804 quibus
908 1735 1068 1792 adverbia
1095 1737 1279 1794 adduntur.

355 1869 603 1954 Partioipiorum
630 1870 749 1932 natura
780 1867 920 1933 verbalis
949 1890 988 1932 ex
1011 1868 1139 1934 indiciis
1172 1871 1270 1934 variis
1299 1870 1403 1953 iisque
1431 1889 1503 1932 cer-

266 1977 402 2041 tissimis
426 1975 642 2061 cognoscitur.
675 1975 815 2059 primum
839 1997 877 2039 ex
901 1961 1065 2040 additione
1090 1975 1330 2059 adverbiorum,
1353 1975 1503 2059 particu-

266 2084 385 2166 larum,
408 2081 684 2166 coniunctionum,
708 2082 822 2146 deinde
847 2104 885 2146 ex
908 2083 1048 2148 rectione
1073 2104 1219 2167 casuum,
1247 2083 1502 2164 infinitivorum,

266 2190 520 2266 enuntiatorum,
566 2193 662 2272 atque
695 2193 763 2253 tam
795 2193 868 2254 arta
900 2189 1084 2255 communio
1118 2189 1204 2254 inter
1235 2189 1428 2273 particulam
1462 2191 1502 2251 et

265 2297 471 2381 participium
504 2296 590 2382 quod
612 2317 672 2379 pro
697 2297 866 2361 enuntiato
894 2295 1083 2361 secundario
1108 2300 1282 2380 usurpatur
1305 2296 1501 2380 saepissime

265 2407 324 2487 cst,
338 2406 375 2468 ut
393 2404 515 2468 omissa
533 2403 693 2487 particula
712 2424 777 2466 non
798 2401 878 2466 satis
898 2405 1064 2486 appareat,
1084 2425 1148 2487 quo
1169 2423 1266 2467 sensu
1284 2400 1499 2485 participium

264 2513 454 2593 usurpatum
474 2509 517 2573 sit
536 2511 592 2573 aut
611 2508 662 2572 cui
683 2509 924 2574 enuntiatorum
944 2508 1208 2574 secundariorum
1231 2507 1343 2593 generi
1361 2529 1497 2590 respon-

266 2617 349 2680 deat.
391 2616 500 2680 omnia
527 2618 636 2680 autem
662 2615 720 2680 illa
752 2638 834 2702 quae
858 2615 898 2680 ad
928 2615 1101 2700 participia
1124 2615 1273 2680 accedere
1296 2637 1392 2698 posse
1416 2614 1498 2677 dixi-

265 2744 337 2786 mus
365 2722 518 2808 quoniam
547 2722 643 2786 certis
671 2722 864 2808 quibusdam
887 2722 1056 2806 particulis
1081 2722 1221 2806 exceptis
1245 2744 1319 2786 curn
1344 2721 1498 2786 substan·

265 2829 341 2894 tivis
365 2827 518 2914 coniungi
544 2849 612 2893 non
635 2833 786 2913 possunt,
813 2829 1059 2913 participiorum
1088 2849 1161 2893 cnm
1195 2829 1301 2893 verbis
1330 2827 1499 2892 artissima

265 2936 450 3002 coniunctio
474 2935 592 2998 clarius
615 2934 729 2999 clucet.
770 2935 826 2999 sed
856 2935 985 3020 singula
1008 2954 1129 3019 genera
1159 2935 1211 2998 hio
1240 2956 1368 3018 quoqne
1396 2955 1498 3016 quam

266 3041 505 3106 accuratissime
529 3039 768 3125 distinguenda.
781 3045 869 3119 sunt,
898 3040 977 3124 quia
999 3039 1173 3124 scriptores
1197 3040 1259 3123 illi,
1288 3060 1424 3125 quorum
1448 3038 1497 3102 di-

266 3149 358 3213 cendi
382 3146 646 3212 consuetudinem
675 3146 770 3210 nobis
794 3146 950 3231 indagare
979 3146 1220 3231 proposuimus,
1244 3146 1343 3210 etiam
1370 3145 1432 3208 hac
1459 3144 1497 3208 in

265 3257 357 3336 parte
385 3274 445 3317 nec
472 3253 552 3316 fines
580 3253 621 3317 ab
654 3251 729 3317 aliis
758 3252 956 3317 constitutos
987 3252 1185 3317 servaverint
1212 3273 1272 3316 nec
1299 3272 1403 3334 pauca
1431 3250 1498 3314 sihi

266 3359 464 3445 sumpserint
481 3360 642 3426 audacius.
683 3381 820 3444 acquae
843 3360 914 3424 laus
938 3359 1174 3443 posterioribus
1198 3357 1411 3442 scriptoribus
1434 3356 1495 3420 tri-

266 3467 394 3531 buenda
422 3471 472 3531 est
493 3468 529 3532 in
547 3467 609 3532 hoc
636 3466 792 3531 idiomate
814 3465 1039 3551 perpoliendo,
1067 3487 1105 3528 ea
1132 3465 1279 3532 manime¹
1294 3463 1436 3528 cernitur
1459 3462 1496 3526 in

246 3595 397 3639 numero
430 3574 659 3640 vocabulorum
696 3572 772 3637 huic
809 3547 1164 3638 usui⁰inserrientium
1204 3569 1409 3655 amplificato.
1455 3590 1495 3634 ex

265 3679 549 3763 grammaticorum
572 3681 657 3744 enim
683 3680 775 3744 libris
801 3681 937 3763 apparet
965 3679 1173 3761 praeterat,
1197 3677 1322 3761 quasi,
1345 3675 1497 3758 statim,

264 3785 342 3848 nisi
366 3783 554 3850 Ciceronem
578 3790 610 3850 et
629 3783 802 3851 Gaesarem
827 3785 917 3849 nulla
941 3784 1141 3865 adhibuisse,
1163 3781 1292 3849 Livium
1315 3804 1382 3848 voc.
1405 3786 1494 3847 tan·

266 3913 390 3975 quam,
417 3891 543 3975 velut,
570 3896 719 3975 utpote,
752 3914 826 3956 non
855 3894 1075 3975 antequam,
1104 3891 1312 3975 extemplo,
1339 3889 1494 3956 vixdum

265 3996 434 4061 addidisse.
471 3998 631 4062 rationem
651 4002 774 4078 autem,
793 4021 874 4084 quae
893 3998 1064 4062 intercedit
1081 3998 1167 4062 inter
1184 3997 1271 4061 huno
1295 4019 1390 4061 usum
1408 3996 1494 4080 prio·

264 4126 336 4167 rum
359 4107 393 4168 et
411 4101 572 4188 Sallustii,
595 4104 710 4190 Vellei,
734 4105 848 4188 Taciti,
871 4125 911 4169 nc
932 4105 1110 4188 attigerunt
1133 4103 1261 4187 quidem
1281 4101 1495 4187 grammatici,

265 4216 301 4275 ut
327 4210 516 4297 Draegeri¹)
549 4234 587 4276 ea
614 4235 745 4296 prorsus
772 4213 858 4277 falsa
886 4211 996 4295 opinio
1025 4214 1090 4294 est,
1129 4232 1194 4293 qua
1223 4231 1316 4274 usum
1344 4213 1493 4274 nostrum

265 4317 350 4401 apud
373 4316 564 4384 Sallustium
587 4318 725 4386 inveniri
748 4321 855 4402 negat.
899 4338 1003 4401 neque
1028 4316 1067 4380 de
1090 4314 1196 4380 Vellei
1219 4315 1302 4397 ulla,
1330 4337 1412 4398 quae
1436 4315 1495 4378 ob-

264 4424 499 4491 servationibus
519 4425 615 4488 certis
630 4424 789 4506 nitantur,
811 4427 984 4507 praecepta
1002 4428 1141 4489 exstant.
1174 4445 1212 4489 ac
1231 4421 1269 4486 de
1289 4421 1402 4486 Tacito
1422 4421 1494 4505 qui-

337 4656 363 4721 1)
382 4654 459 4722 Synt.
479 4653 537 4706 und
556 4652 611 4706 Stil
630 4653 679 4706 des
699 4653 766 4707 Tac.
785 4658 800 4718 5
819 4657 880 4706 21⁶.
