3300 5224
375 407 377 412 Ι
479 327 521 379 De
540 324 754 395 participiorum
772 343 824 379 usu
842 324 1041 394 praedicativo.
1335 324 1376 387 77

138 511 258 555 macies
275 491 377 573 pretio
399 489 435 553 in
458 490 523 554 dies
536 488 700 570 probatores
719 487 874 554 Cretenses
892 488 1067 570 impupnati
1088 488 1179 552 semel
1202 489 1379 570 iamneque

140 600 246 679 {inem
268 598 332 662 uisi
353 595 469 660 accidie
491 595 637 660 babituri.

138 806 203 862 IV.
223 805 424 874 Particlpium
439 804 538 861 futuri
553 803 645 860 101111
660 803 799 870 designat
812 818 881 858 cum
899 803 952 871 qui
970 802 1088 870 aliquid
1103 803 1229 874 laceret,
1252 803 1279 858 sl
1293 803 1379 858 certa

379 894 524 962 quaedam
543 892 681 949 condicio
700 892 737 946 ad
756 892 896 946 ellectum
916 891 1045 946 adducta
1063 891 1154 946 esset.

245 1021 319 1086 Tac.
354 1043 426 1084 ann.
461 1019 489 1103 I,
519 1019 561 1083 36
599 1018 729 1101 oupebot
763 1024 876 1082 metum
910 1039 1030 1101 quorus
1065 1019 1227 1083 Romanae
1261 1019 1380 1082 seditio

138 1129 202 1193 uis
232 1132 262 1192 et
291 1129 319 1191 si
346 1128 534 1192 omitteretur
564 1127 634 1207 ripa
667 1125 834 1190 incasurus
866 1125 969 1190 bostis.
1016 1125 1031 1189 Ι
1038 1175 1046 1208 ,
1069 1126 1114 1190 45
1147 1123 1262 1190 Caesar
1288 1146 1379 1190 orma

142 1236 279 1300 classem
310 1235 406 1299 sorim
517 1233 668 1297 dimittere
690 1231 797 1296 Runa
823 1237 922 1313 porat
952 1233 981 1296 si
1007 1232 1172 1314 imperium
1204 1234 1380 1296 detrectatur

142 1343 228 1406 betto
250 1346 430 1406 certaturus.
458 1340 535 1404 hist.
554 1339 596 1418 Π,
614 1340 658 1403 40
681 1340 811 1403 militem
832 1340 942 1402 itinere
962 1338 1079 1418 fessum
1100 1341 1234 1404 sarcinis
1253 1361 1379 1422 procem

142 1450 266 1514 obicere
296 1448 375 1513 besti
406 1467 469 1511 uon
502 1448 653 1511 omissuro
684 1447 850 1528 quominus
880 1449 1038 1529 enpeditus
1160 1448 1380 1529 appreciaretur.

143 1555 238 1620 Vell.
260 1554 306 1637 II,
330 1555 372 1619 89
401 1553 483 1618 orbis
511 1558 540 1617 et
567 1558 610 1617 tot
640 1557 729 1616 entra
756 1552 887 1616 Italiam
914 1554 1055 1634 domique
1082 1573 1174 1633 opera
1200 1573 1288 1617 omne
1311 1555 1378 1616 aeui
1465 1607 1466 1614 ,

143 1665 203 1728 sui
224 1663 361 1744 spatium
383 1661 595 1742 impensurum
617 1661 652 1723 in
673 1659 710 1724 u
730 1659 831 1723 solum
852 1680 928 1741 opus
950 1661 1127 1741 scriptorem
1147 1659 1325 1742 fatiqureut.

182 1889 217 1947 V.
249 1888 451 1958 Partlotpium
469 1889 529 1944 tut.
549 1889 609 1944 act.
628 1887 795 1956 usurpatur
813 1888 851 1942 ad
870 1887 1086 1954 designandum
1105 1901 1172 1942 eum
1192 1887 1244 1955 qui
1263 1888 1349 1942 certa

363 1973 364 1976 ’
460 1977 587 2044 quadam
607 1976 784 2032 condicione
802 1977 919 2046 aliquid
939 1977 1073 2033 lecisset.

242 2102 315 2168 Tac.
340 2126 413 2168 ann.
437 2104 461 2188 I,
480 2105 523 2170 28
553 2110 669 2169 noctem
695 2106 845 2170 minacem
873 2111 901 2170 et
927 2107 962 2169 iu
985 2106 1080 2170 scelus
1109 2111 1288 2187 crirpturum
1313 2106 1381 2186 fors

148 2211 266 2275 lenivit.
315 2210 417 2295 II,17
452 2211 586 2293 insiqnis
614 2211 781 2276 Arminius
812 2233 909 2276 manu
941 2230 1009 2274 uoce
1040 2211 1163 2274 enituere
1194 2212 1382 2276 sustentabat

141 2338 289 2400 pequam
316 2319 553 2399 incubueratque
579 2319 753 2400 sopitturiis
781 2319 846 2382 itlo'
861 2323 1025 2399 rupturus,
1052 2318 1088 2380 ui
1109 2317 1278 2382 Raetorum
1307 2319 1381 2382 Viu-

149 2424 376 2506 olelicorumque
398 2430 428 2488 et
449 2423 590 2489 Gallicae
612 2423 745 2489 cobortes
767 2427 857 2506 siquo
880 2425 1061 2488 obiecissent.
1102 2421 1164 2506 III,
1188 2425 1230 2488 66
1254 2423 1381 2488 Brutti-

150 2532 240 2596 etium
270 2532 424 2596 ...oet
452 2530 628 2594 clarissima
656 2551 791 2613 quaeque
819 2533 939 2595 iturum
966 2530 1124 2611 festinatio
1154 2531 1380 2596 exstimulobot.

150 2637 229 2700 hist.
252 2636 299 2720 II,
322 2637 364 2701 97
394 2638 491 2701 trium
519 2638 671 2720 leqionum
699 2638 791 2720 leqoti
812 2658 907 2719 pares
934 2639 1002 2702 iure
1028 2643 1057 2702 et
1077 2639 1235 2720 mosperis
1263 2639 1382 2703 Vitellii

151 2743 242 2808 rebus
264 2746 412 2809 certaturi
434 2745 477 2808 ud
498 2744 673 2826 obsequium
695 2747 856 2811 mtuersum
878 2747 944 2810 eius
969 2745 1131 2825 fortunam
1154 2766 1192 2809 eu
1214 2766 1310 2827 aequo
1333 2747 1380 2810 de·

152 2850 308 2915 tractabat.
339 2849 397 2934 Ill,
419 2851 458 2914 19
481 2857 670 2933 spernuntur
687 2855 877 2916 ceutrcriones
900 2852 1074 2934 tribumque
1092 2874 1129 2917 oc
1146 2873 1184 2916 ne
1206 2873 1264 2916 uon
1282 2853 1382 2917 euius-

151 2978 247 3040 quam
269 2958 420 3022 condiatur
442 2959 587 3039 quatiunt
608 2980 700 3022 armo
722 2959 847 3040 rupturi
875 2960 1039 3041 imperium
1061 2960 1098 3023 ni
1119 2960 1281 3048 deceantur.
1322 2957 1382 3042 III,

154 3065 199 3129 54
216 3064 368 3147 prohibiti
380 3085 438 3146 per
456 3066 608 3129 ciuitatem
626 3085 778 3130 sermones
795 3087 828 3129 eo
844 3066 949 3146 plures
966 3085 1003 3129 ce
1021 3068 1050 3130 si
1069 3067 1169 3130 liceret
1185 3067 1249 3130 ueri
1267 3087 1381 3130 norro-

153 3173 219 3235 turi
241 3171 316 3253 quio
338 3171 517 3235 citabuntur
539 3172 693 3236 atrociora
711 3171 918 3253 culpaverunt.
959 3171 1041 3236 Vell.
1056 3171 1097 3251 H,
1113 3173 1154 3238 88
1177 3174 1380 3238 resurrecturi

153 3279 225 3342 belli
247 3277 347 3341 ciuilis
368 3278 513 3342 restinxit
535 3279 667 3342 initium.

244 3383 306 3448 His
339 3385 493 3468 expositis
527 3385 647 3451 clarum
681 3389 730 3449 est
761 3384 960 3467 Madvigium
969 3383 993 3469 ¹)
1026 3384 1233 3449 vehementer
1266 3408 1382 3470 errare,

154 3514 227 3556 cum
260 3491 374 3556 doceat
405 3513 500 3556 usum
533 3491 696 3575 participii
728 3492 787 3556 fut.
818 3494 877 3555 act.
906 3490 992 3574 apud
1020 3475 1209 3555 Sallustium
1240 3491 1377 3557 eundem

156 3620 237 3682 esse,
261 3620 354 3682 quem
380 3597 464 3680 apud
484 3595 670 3663 Ciceronem
690 3601 722 3661 et
742 3595 923 3662 Caesarem.
954 3597 1083 3662 etiamsi
1102 3597 1187 3661 enim
1208 3596 1380 3663 Sallustius

155 3704 326 3788 participio
350 3703 408 3767 fut.
432 3706 493 3768 act.
516 3726 575 3786 pro
600 3704 766 3768 enuntiato
791 3704 1005 3768 condicionali
1033 3726 1198 3788 nunquam
1223 3727 1299 3770 usus
1324 3708 1382 3791 est,

155 3816 267 3876 tamen
301 3810 374 3873 aliis
407 3810 579 3895 generibus
611 3832 678 3874 non
711 3810 876 3875 abstinuit.
924 3814 1052 3893 praeter
1083 3811 1231 3876 Tacitum
1264 3815 1382 3895 autem,

156 3918 212 4003 qui
248 3917 309 3982 hoc
346 3917 382 3980 in
416 3940 476 3982 usu
509 3920 632 3982 ceteros
671 3917 845 4000 scriptores
884 3917 1060 4000 antecedit,
1098 3918 1195 3982 etiam
1228 3917 1382 3997 Velleius,

156 4046 252 4108 quem
285 4024 489 4108 grammatici
522 4025 648 4089 silentio
686 4025 934 4109 praeterierunt,
968 4025 1006 4089 de
1041 4047 1101 4089 usu
1138 4025 1193 4089 illo
1227 4027 1381 4090 variando

157 4130 280 4214 optime
308 4131 441 4195 meritus
469 4135 527 4196 est.
577 4129 687 4195 Livius
716 4133 830 4195 contra
859 4153 918 4213 pro
947 4130 1159 4214 amplitudine
1188 4131 1382 4214 scriptorum

157 4236 344 4321 parcissime
376 4238 529 4302 liberiora
561 4258 681 4322 genera
715 4235 861 4317 admisit,
896 4237 1085 4318 praesertim
1119 4258 1190 4301 cum
1223 4237 1382 4302 condicio-

157 4345 263 4408 nalem
292 4366 386 4408 usum
413 4344 584 4427 respicias,
611 4344 721 4426 itaque
749 4340 920 4405 Kuehnast
949 4345 982 4405 et
1005 4343 1061 4406 alii
1084 4344 1156 4426 plus
1186 4365 1280 4426 quam
1309 4345 1382 4426 tria,

158 4451 305 4534 exempla
337 4452 524 4536 conquirere
557 4472 625 4514 non
657 4453 794 4533 possunt
822 4449 912 4527 velut
940 4449 1006 4514 Liv.
1037 4449 1096 4532 45,
1124 4448 1181 4527 35,
1209 4451 1229 4512 6
1260 4452 1384 4514 interut

158 4593 292 4601 .-u-
315 4595 370 4600 .....

230 4661 565 4732 asumma.
