3330 5228
283 319 326 385 50
816 317 909 388 Caput
926 319 974 373 III.
1069 328 1073 334 '

286 482 437 566 designat
458 481 506 545 ita
525 504 598 546 cum
617 481 763 546 subiecto
787 482 952 560 coalescit,
975 485 1012 546 ut
1030 505 1067 545 ex
1087 482 1212 547 duabus
1235 503 1299 546 una
1326 482 1385 546 fiat
1405 483 1510 547 notio.

284 589 380 652 sicut:
404 587 479 652 Tac.
503 609 577 651 ann.
602 587 631 670 I,
652 588 707 652 73:
740 587 858 652 Rnbrio
881 589 1007 652 crimini
1036 589 1169 653 dabatnr
1195 576 1345 654 niotatnm
1366 589 1511 670 perirrrio

282 715 397 759 namen
419 695 563 777 Anpnsti.
599 693 662 777 111,
681 695 724 758 24
744 696 836 777 praei
857 695 981 759 nomine
1005 695 1160 760 laeseram
1182 696 1365 779 relipr'onnm
1388 717 1425 760 ae
1447 697 1511 760 eio-

283 801 364 866 lntae
385 803 563 866 maiestatis.
600 799 657 884 ΠΙ,
681 800 725 864 54
751 800 824 865 tace
851 802 966 866 omissa
990 802 1134 882 sanctitas
1159 804 1379 884 rempublicam
1402 803 1512 867 tradat.

281 907 339 989 IV,
358 909 401 972 44
424 909 495 972 bene
518 908 647 972 tolerato
663 913 834 989 pennatos
852 909 923 972 dein
943 928 1074 991 maynae
1092 929 1161 990 opes
1182 910 1358 974 innocenter
1374 914 1513 992 paratae

278 1019 307 1078 et
333 1016 461 1079 modeste
491 1015 619 1078 habitae.
667 1010 727 1096 Vl,
751 1014 792 1078 27
819 1035 915 1097 penne
943 1014 993 1080 itti
1023 1016 1165 1079 deeornm
1192 1017 1296 1082 vivida
1323 1023 1458 1082 seneetns
1481 1021 1512 1080 et

281 1142 344 1186 non
367 1122 522 1203 permissa
547 1121 711 1203 prooinm‘a
738 1122 946 1203 dipnationem
973 1123 1143 1187 addiderat.
1185 1122 1348 1208 1141111,
1372 1124 1415 1188 59
1438 1143 1512 1206 pos-

281 1248 364 1292 sessa
381 1227 540 1292 Meormia.
576 1226 638 1310 ΙΙΙ,
657 1227 699 1291 82
716 1233 815 1309 parta
838 1229 945 1294 totiens
963 1229 1098 1294 oietoria.
1143 1226 1226 1292 Vell.
1245 1228 1291 1314 ΙΙ,
1310 1229 1354 1294 36
1378 1229 1511 1294 Lentulo

279 1337 397 1418 ptoriae
421 1336 486 1416 fnit
506 1335 577 1398 tene
605 1334 732 1398 tolerata
749 1339 928 1416 paupertas,
969 1334 1019 1418 ΙΙ,
1046 1335 1108 1398 130
1135 1335 1223 1398 enias
1246 1337 1389 1417 temporis
1411 1337 1511 1418 aeori-

282 1443 418 1506 tadinom
440 1443 532 1506 anait
557 1442 674 1506 amissa
700 1445 806 1506 mater.
847 1440 910 1505 huc
939 1441 1037 1506 etiam
1065 1444 1190 1524 spectat
1216 1464 1290 1506 ann.
1312 1441 1359 1526 ΙΙ,
1383 1442 1428 1507 43
1456 1465 1511 1508 nee

275 1569 365 1630 posse
387 1554 503 1613 motam
527 1547 681 1613 Orientem
704 1549 850 1630 componi.

369 1655 513 1719 Tertium
548 1655 587 1718 fit
623 1676 738 1740 genus,
780 1655 807 1720 si
842 1658 970 1720 tantum
1007 1656 1091 1720 inter
1128 1656 1306 1721 subiectum
1345 1658 1377 1720 41
1414 1679 1505 1741 prae·

280 1762 422 1826 dicatum
446 1761 618 1825 discrimen
641 1763 703 1845 441,
731 1765 768 1825 41
790 1761 1011 1845 praedicatum
1034 1763 1167 1827 notione
1191 1785 1287 1846 quam
1310 1766 1429 1828 vocant
1453 1765 1508 1828 414

280 1871 401 1933 straete
428 1868 622 1932 instructum
650 1868 705 1952 411,
738 1869 916 1932 subiectum
947 1873 1104 1934 concreta.
1149 1870 1246 1934 huius
1275 1869 1394 1954 speciei
1424 1869 1509 1954 apud

279 1973 407 2038 Livium
435 1994 596 2058 perpauca
621 1973 767 2058 exempla
796 1977 986 2058 suppetunt,
1015 1976 1105 2039 nulla
1131 1974 1217 2059 apud
1243 1976 1396 2041 classicos
1429 1977 1506 2041 scri·

279 2086 400 2166 ptores.
437 2080 522 2163 apud
541 2079 691 2144 Tacitum
711 2101 811 2143 unum
831 2079 926 2164 idque
945 2081 1235 2147 luculentissimum
1255 2082 1376 2167 4441,
1396 2084 1416 2148 8
1437 2105 1507 2148 arm

280 2190 393 2254 oeasns
420 2188 549 2252 dictator
576 2185 691 2252 Caesar
717 2187 791 2251 aliis
816 2188 987 2268 pessimam
1015 2188 1088 2252 otiis
1110 2188 1355 2271 pulcherrimam
1382 2190 1509 2270 farinas

279 2297 438 2360 nidmetnr.
489 2315 548 2358 nec
580 2293 687 2358 minus
725 2292 908 2358 notandum
940 2298 990 2358 est
1025 2293 1106 2358 illud
1142 2293 1255 2360 Vellei.
1283 2295 1329 2380 ΙΙ,
1352 2297 1395 2362 38
1432 2295 1520 2362 nam

281 2401 402 2485 Opprns
424 2402 540 2466 devicta
561 2401 681 2465 nnllins
702 2401 893 2482 assipnanda
912 2401 1030 2484 pieriae
1052 2406 1102 2466 est.
1144 2402 1374 2486 gravissimum
1397 2408 1505 2468 autem

281 2510 380 2574 robur
400 2511 432 2573 et
449 2507 575 2591 pondus
595 2506 749 2572 orationis
769 2528 824 2572 eae
843 2508 1023 2573 locutiones
1043 2508 1193 2586 excitant,
1212 2508 1383 2593 inquibus
1402 2510 1505 2574 homi-

279 2637 357 2679 num
385 2615 475 2698 ipsae
503 2634 660 2697 personae
688 2613 722 2676 in
751 2613 917 2697 qualitatis
946 2614 1052 2679 locum
1080 2614 1333 2701 substituuntur,
1360 2638 1437 2681 nam
1464 2651 1503 2663 -

280 2721 313 2785 id
346 2721 431 2805 qnod
459 2719 620 2784 Luebbert
640 2719 830 2784 acutissime
858 2723 969 2784 monet
999 2756 1036 2766 —
1071 2721 1116 2784 ad
1147 2721 1362 2805 simplicem
1393 2725 1508 2787 actus

280 2829 339 2892 vel
367 2830 492 2893 motus
526 2825 862 2912 significationem
895 2827 1053 2892 consilii
1081 2829 1118 2891 41
1145 2828 1366 2893 voluntatis
1395 2830 1507 2895 notio

282 2934 439 2999 aceedit.
467 2933 576 2998 'huius
604 2933 730 3017 generis
762 2935 867 2998 certus
896 2933 1028 3019 quidam
1058 2933 1171 2998 modus
1200 2939 1265 3019 441,
1292 2936 1378 3000 ultra
1411 2957 1507 3021 quem

281 3042 453 3125 scriptores
482 3059 581 3125 nsque
605 3038 645 3102 ad
669 3037 773 3104 ’144111
802 3043 941 3104 aetatem
964 3040 1074 3125 egredi
1101 3061 1169 3104 non
1198 3042 1268 3106 4441
1298 3046 1382 3107 sunt.
1425 3061 1515 3126 quae

281 3147 367 3210 enim
391 3145 476 3230 apud
499 3143 685 3210 Ciceronem
709 3149 742 3209 41
764 3143 890 3211 Livium
916 3145 1123 3210 inveniuntur
1145 3147 1294 3230 exempla
1316 3169 1384 3212 non
1407 3148 1506 3212 aliam

281 3253 422 3318 indolem
444 3251 582 3336 habent,
606 3272 702 3335 quam
727 3249 873 3316 Sallustii
895 3251 989 3317 illud:
1026 3250 1095 3317 (141
1117 3254 1170 3337 48,
1193 3254 1216 3317 4
1237 3274 1276 3318 ne
1297 3274 1367 3318 enm
1389 3255 1505 3319 Lenta-

282 3361 330 3426 tns
352 3365 381 3425 et
398 3357 543 3442 Oetteqns
565 3358 680 3439 alitam
702 3377 738 3422 ea
755 3359 965 3423 eminentiam
987 3357 1162 3440 deprehensi
1185 3363 1331 3424 terrerent
1352 3361 1385 3424 ct
1403 3358 1508 3425 Taciti

280 3467 361 3532 illud
389 3487 463 3532 ann.
486 3464 562 3547 XII,
585 3464 627 3529 69
659 3485 698 3528 ne
724 3466 911 3549 antepositas
937 3466 1003 3547 ala
1025 3466 1193 3549 prinianas
1223 3467 1345 3531 ininrin
1372 3467 1506 3531 411444-

280 3576 334 3639 dia
348 3576 469 3640 animos
486 3573 570 3655 enipi
588 3571 731 3636 tnrbnret.
749 3608 786 3619 -
807 3573 884 3638 Alia
902 3594 1003 3658 eaque
1018 3572 1190 3637 audaciora
1209 3572 1352 3638 eTacito
1372 3592 1505 3657 conges-

282 3681 396 3764 simuS,
426 3679 509 3743 sicut
532 3701 604 3743 ann.
627 3678 656 3764 Ι,
682 3680 723 3743 16
752 3680 881 3763 14914444
902 3680 1010 3745 seditio
1032 3680 1157 3744 ineessit
1176 3680 1241 3744 4141
1266 3679 1348 3762 qnod
1368 3683 1506 3744 mntntns

277 3787 421 3867 primeps
444 3786 598 3850 licentiam
621 3785 782 3850 tnrbarnm
804 3786 983 3852 ostendebat.
1022 3784 1051 3866 1,
1073 3785 1116 3850 42
1139 3805 1211 3851 nene
1233 3788 1348 3852 4441444
1369 3785 1507 3868 Amasti

276 3912 448 3974 proempos
469 3892 629 3973 interfecte
655 3891 770 3957 Tiberii
792 3913 892 3958 narras
918 3893 1103 3958 nocentiores
1129 3912 1181 3957 nos
1206 3893 1335 3974 faciant.
1379 3889 1438 3975 111,
1463 3891 1507 3956 50

282 3996 462 4085 (Latonius)
485 4000 540 4081 qni
557 4019 652 4081 neqrre
669 4005 807 4064 sanatas
828 4001 864 4064 in
880 4000 1056 4081 paientnm
1072 3999 1120 4064 rei
1136 3999 1279 4082 44111444
1296 4019 1391 4081 neone
1412 3999 1507 4062 inter-

280 4107 376 4188 fectas
402 4108 437 4171 in
460 4107 631 4190 coemptam
657 4106 721 4171 arr.
770 4106 847 4171 hist.
865 4103 928 4184 ΠΙ,
947 4105 990 4170 32
1016 4106 1108 4170 arrait
1133 4107 1286 4172 invidiam
1303 4105 1419 4190 editam
1440 4104 1507 4169 illie

282 4211 459 4281 aanrina
483 4213 692 4306 ptadmtornm
718 4213 921 4295 speetneatnm
950 4213 1110 4293 endanqae
1136 4232 1246 4278 rnrsns
1273 4211 1343 4277 belli
1369 4212 1452 4276 sedes
1478 4215 1508 4274 et

280 4322 412 4403 praebiti
434 4321 469 4385 in
491 4321 555 4385 acie
581 4316 755 4385 Vitellianis
777 4320 837 4386 celii
858 4339 962 4384 eaesm
983 4319 1135 4400 qnaednm
1155 4319 1290 4399 farinae
1311 4319 1413 4383 stadio
1430 4337 1507 4400 por-

282 4429 361 4492 tiam
382 4429 426 4493 aot
441 4428 595 4510 proelirrm
611 4448 798 4511 propressae.
839 4424 896 4506 IV,
922 4425 961 4489 19
990 4425 1116 4508 trepr'rtis
1137 4426 1292 4491 minatis
1312 4445 1388 4507 qnos
1410 4425 1506 4489 ambi-

279 4555 360 4617 pnns
383 4535 573 4600 annilianm
596 4536 701 4599 mimo
720 4537 748 4598 et
769 4531 867 4598 sabito
885 4531 998 4596 detecta
1019 4531 1174 4613 snpptetne
1197 4531 1325 4614 teotones
1347 4529 1508 4614 44941441.

283 4661 356 4710 ann.
375 4640 403 4729 Ι,
423 4641 465 4706 59
488 4641 673 4706 Armininm
689 4659 781 4721 anper
802 4640 931 4704 insitam
948 4637 1125 4703 canaram
1147 4642 1240 4720 rapta
1257 4657 1338 4703 naor
1355 4637 1507 4704 aniam
