3300 5224
660 309 807 380 Appendix
825 309 931 364 critica.
1345 312 1407 376 131

184 476 313 558 doctae,
342 496 425 558 quae
453 496 551 558 porro
579 473 684 558 pollui
716 473 877 558 dicantur,
906 495 944 538 ea
970 473 1036 536 iam
1065 476 1160 538 antea
1187 475 1313 558 polluta
1340 498 1409 540 esse

184 582 312 664 debere,
347 579 485 646 Othonis
515 585 622 644 autem
650 581 751 644 vitam
782 581 871 644 nullo
903 579 1028 664 flagitio
1056 579 1204 644 affectam
1236 580 1338 646 fuisse
1371 607 1410 648 ex

182 689 254 772 ipso
284 687 397 752 Tacito
426 688 564 772 elucere,
596 709 669 751 cum
696 690 866 750 narratum
895 687 938 750 sit
966 685 1128 752 Othonem
1156 691 1251 750 antea
1279 690 1410 753 litera-

182 794 279 858 rium
307 793 435 860 ludum
464 794 698 877 exercuisse,
726 793 810 878 quod
838 815 955 857 munus
984 793 1132 858 dedecori
1161 818 1236 860 sane
1264 817 1330 860 non
1359 797 1410 860 sit.

183 901 240 965 sed
266 901 346 966 haec
375 903 483 966 omnia
511 924 595 966 vana
627 904 716 984 sunt,
750 901 845 964 debet
873 901 957 964 enim
986 901 1108 984 opponi
1140 901 1302 980 Tacitum,
1336 926 1408 968 cum

182 1008 281 1072 verbo
308 1008 587 1092 propolluebat
615 1011 738 1088 utatur,
775 1029 936 1070 summum
959 1006 1085 1089 pondus
1108 1009 1256 1091 posuisse
1280 1009 1314 1072 in
1337 1033 1409 1074 ver-

182 1115 233 1180 bis
267 1115 429 1180 obscura
460 1115 594 1196 initia,
631 1115 716 1198 quod
749 1112 962 1178 Woernerum
995 1114 1117 1199 fugisse
1149 1114 1285 1180 videtur.
1336 1140 1408 1181 cum

183 1221 268 1287 enim
298 1222 392 1287 initia
423 1221 561 1288 Othonis
594 1221 731 1285 obscura
765 1224 1004 1304 nuncupentur,
1034 1221 1096 1285 hoc
1125 1221 1211 1285 idem
1239 1227 1288 1286 est
1315 1245 1352 1288 ac
1381 1223 1409 1287 si

183 1331 314 1394 Tacitus
344 1329 479 1394 dixisset
511 1329 546 1392 in
580 1349 728 1391 sermone
762 1327 931 1391 hominum
965 1327 1104 1393 Othonis
1133 1329 1275 1412 priorem
1308 1331 1408 1395 vitam

181 1438 267 1519 ideo,
291 1437 377 1522 quod
401 1437 539 1500 obscura
562 1436 619 1519 sit,
649 1436 735 1499 bona
758 1433 846 1499 fama
869 1435 1018 1500 caruisse.
1060 1435 1143 1500 hanc
1172 1435 1272 1520 igitur
1298 1439 1407 1524 vitam,

181 1545 270 1608 cuius
303 1545 368 1608 iam
400 1543 494 1606 initia
521 1541 707 1606 horninibus
741 1541 959 1625 suspicionem
992 1547 1135 1626 movent,
1166 1545 1406 1628 impudentibus

181 1651 267 1714 ausis
290 1672 388 1734 porro
407 1649 583 1734 polluebat.
619 1652 774 1731 ceterum,
798 1648 873 1732 quid
893 1649 1036 1714 dicamus
1057 1649 1094 1713 de
1114 1649 1287 1717 Woerneri,
1304 1657 1407 1717 muta·

180 1759 278 1841 tione,
301 1757 328 1822 si
347 1759 487 1823 rationes
507 1755 796 1840 palaeographicas
820 1757 1062 1839 respexerimus
1100 1757 1232 1822 minime
1252 1760 1336 1824 enim
1360 1760 1406 1824 in-

180 1865 358 1951 tellegitur,
391 1887 455 1948 quo
487 1866 584 1947 pacto
617 1884 676 1946 pro
706 1885 826 1947 prope
858 1864 1061 1930 occulebat
1092 1901 1130 1910 -—
1161 1866 1293 1930 vocibus
1328 1868 1406 1932 satis

180 1971 333 2036 notis-
357 1971 509 2037 librarius
533 1969 649 2055 aliquis
674 1970 812 2034 scribere
836 1971 980 2054 potuerit
1001 1972 1291 2058 propolluebat,
1321 1975 1407 2058 quod

180 2079 314 2143 verbum
338 2101 499 2164 nusquam
523 2075 600 2141 alibi
623 2076 817 2141 inveniatur.
867 2099 963 2162 quare
986 2077 1104 2160 prioris
1128 2080 1405 2162 interpretationis

180 2186 396 2269 patrocinium
419 2183 623 2249 sustinemus.
1118 2178 1125 2188 ”

270 2301 506 2369 Vell.11,109
527 2290 567 2354 ad
587 2293 606 2372 ᾗ
626 2292 668 2355 21
693 2290 798 2354 nostri
821 2290 924 2355 libelli
946 2291 1089 2355 referant
1111 2314 1241 2358 necesse
1265 2298 1328 2378 est,
1352 2297 1406 2380 qui

178 2398 367 2485 Madvigii¹)
380 2399 592 2464 mutationem
607 2420 744 2481 corpus
761 2421 868 2462 suum
884 2395 1186 2464 custOdientium
1202 2401 1404 2486 imperium

178 2508 377 2591 perpetuis
401 2528 453 2591 qu.
481 2528 505 2569 s.
527 2505 679 2589 probant.
716 2505 771 2569 sed
794 2505 972 2570 accuratius
996 2506 1174 2593 videamus,
1202 2531 1284 2593 quac
1307 2511 1404 2574 huius

181 2615 244 2678 loci
271 2614 355 2679 ratio
384 2613 435 2678 sit.
477 2612 572 2677 lectio
607 2610 869 2676 Amerbachiana
899 2616 1052 2696 corrupta
1080 2617 1142 2678 est:
1179 2636 1287 2697 corpus
1313 2637 1405 2681 suam

179 2722 317 2786 custodia
347 2727 412 2786 tam
441 2721 614 2802 imperium.
657 2741 694 2783 ac
725 2723 838 2784 contra
863 2718 1033 2804 Madvigii,
1065 2743 1159 2805 quem
1186 2722 1284 2787 Halm
1317 2747 1404 2790 secu·

177 2832 231 2892 tus
255 2831 319 2910 est,
346 2827 505 2892 rationem
528 2825 625 2889 huius
653 2825 716 2890 loci
740 2825 932 2891 restituendi
959 2827 1022 2891 dici
1046 2831 1154 2912 potest
1177 2829 1337 2894 Velleium
1366 2831 1403 2896 de

178 2934 321 2998 exercitu
334 2932 525 2998 Marobodui
539 2933 635 3016 paulo
651 2933 785 2998 inferius
801 2933 1103 3018 (exercitumque
1118 2958 1228 3018 quam
1248 2941 1404 3021 septua-

179 3043 318 3126 ginta.
338 3091 345 3104 .
363 3091 370 3105 .
391 3091 397 3104 .
418 3062 535 3124 opera
552 3038 831 3128 praeparabat)
851 3063 995 3126 narrare,
1017 3041 1149 3106 ineunte
1169 3047 1277 3108 autem
1297 3048 1402 3131 capite

178 3148 216 3212 de
240 3149 368 3212 interno
396 3148 511 3212 robore
539 3149 667 3232 imperii
695 3148 849 3213 disserere
879 3149 990 3213 videri.
1030 3171 1141 3234 porro,
1169 3151 1402 3235 disciplinae

177 3257 337 3320 formam
362 3277 491 3319 sensum
510 3256 694 3320 militaris
718 3255 955 3338 disciplinae
979 3256 1098 3321 habere
1120 3277 1216 3339 posse
1235 3260 1400 3343 negaveri-

178 3385 264 3446 mus,
296 3361 380 3446 quod
414 3363 441 3425 si
475 3363 612 3446 scriptor
640 3361 744 3426 dicere
776 3362 881 3426 voluit
911 3383 977 3426 non
1009 3363 1147 3440 forma,
1181 3363 1236 3426 sed
1269 3366 1402 3430 modus

178 3469 365 3552 disciplinae
394 3469 532 3534 scribere
561 3469 678 3534 debuit.
725 3474 774 3533 est
802 3469 889 3534 enim
917 3469 1128 3552 disciplina
1156 3469 1341 3562 militaris
1368 3473 1401 3536 id

179 3577 264 3661 quod
284 3575 455 3640 adhibetur
474 3577 524 3641 vel
540 3581 711 3662 exercetur,
732 3580 766 3641 at
784 3576 811 3640 si
826 3577 897 3661 quis
918 3577 997 3641 dicit
1015 3577 1246 3661 disciplinae
1265 3579 1402 3664 forma,

176 3705 244 3746 non
268 3683 379 3748 subest
396 3685 486 3748 notio
506 3683 692 3769 adhibendi,
716 3685 771 3748 sed
795 3705 860 3767 res,
883 3684 923 3748 de
943 3706 1006 3767 qua
1025 3685 1133 3767 agitur
1152 3707 1189 3750 eo
1209 3685 1294 3768 ipso,
1314 3685 1400 3768 quod

177 3793 296 3874 exstat,
324 3790 356 3855 id
385 3791 579 3874 assequitur,
609 3790 694 3874 quod
723 3789 807 3853 effici
835 3811 873 3852 ea
901 3788 1005 3854 debet.
1051 3809 1129 3873 ergo
1163 3790 1192 3854 si
1225 3790 1400 3874 discipli·
1464 3863 1465 3867 η

179 3919 264 3960 nam
297 3897 489 3963 vocabulum
526 3900 678 3980 putamus
716 3896 896 3980 praeditum
934 3918 1003 3962 esse
1042 3918 1137 3960 sensu
1169 3896 1400 3982 disciplinae

176 4004 376 4086 militaris,
409 4002 671 4087 kriegszucht,
710 4002 775 4066 dici
811 4001 921 4067 debuit
958 4025 977 4066 a
1009 4000 1133 4066 Velleio
1171 4002 1400 4087 disciplinae

176 4110 308 4174 modus
346 4110 396 4173 vel
428 4109 514 4174 aliud
548 4109 726 4194 quidpiam,
760 4109 815 4172 sed
848 4109 938 4173 disc.
971 4109 1094 4174 forma
1124 4109 1207 4174 nihil
1239 4113 1303 4192 est,
1336 4112 1400 4174 nisi

176 4217 388 4301 disciplina
417 4216 618 4300 intellegitur
647 4237 742 4280 sensu
771 4215 1133 4280 administrationis
1161 4217 1211 4279 vel
1238 4216 1400 4281 institu-

176 4323 314 4404 tionis,
348 4323 613 4407 einrichtung,
650 4344 727 4385 nam
759 4321 928 4404 disciplina
961 4317 1109 4386 ririlitaris
1141 4326 1228 4386 certo
1261 4323 1400 4408 quodam

175 4485 389 4498 ἑῷα-ψ

250 4575 275 4643 1)
296 4570 336 4626 Cf.
356 4569 453 4624 Halm:
472 4569 564 4625 Ueher
582 4569 712 4638 Madvigs
732 4569 941 4636 Vermutungen
959 4587 993 4622 zu
1012 4567 1136 4622 Velleius
1150 4567 1326 4636 Paterculus,
1346 4569 1399 4622 Va-

175 4663 260 4718 lerius
278 4658 418 4716 Maximus
436 4659 492 4714 und
512 4657 641 4725 Tacitus,
660 4657 756 4732 Jahrb.
776 4657 796 4712 f.
815 4656 884 4726 phil.
903 4676 929 4712 u.
949 4657 1013 4726 ptd.
1034 4656 1105 4725 CIX,
1124 4677 1151 4726 p.
1171 4663 1231 4711 397.

1152 4745 1188 4800 9*
