3330 5228
261 329 304 393 28
806 332 896 402 Caput
914 334 947 389 Il.

125 543 128 548 .
260 514 377 576 cessere.
414 503 581 559 Genetiva
596 503 775 572 singularis
788 507 923 561 numeri
942 497 1114 582 scriptores
1130 499 1233 582 magis
1249 497 1488 562 abstinuerunt.

260 600 335 664 Tac.
359 622 433 666 ann.
455 600 502 685 II,
526 601 568 666 33
590 602 785 683 possidentis.
825 602 957 685 111‚35
984 605 1161 669 recursantis.
1208 603 1303 688 XHI,
1325 605 1369 668 40
1398 605 1490 685 trepi-

260 709 371 772 dantis.
407 707 478 792 XV,
496 708 536 772 13
559 709 739 790 aucmentis.
775 707 850 772 hist.
866 709 913 792 II,
935 711 976 774 76
1000 711 1168 775 adulantis.
1204 709 1488 794 1111111111.

260 813 385 898 111,37
416 815 575 879 tribuentis
605 816 846 897 acmpimtisquc.
888 815 960 880 dial.
989 818 1031 880 41
1060 818 1197 899 repent.
1243 814 1489 900 Nonnunquam

263 919 325 985 hoc
348 921 555 1004 participium
575 921 771 985 substantivi
789 922 944 986 abstracti
969 922 1054 1007 quod
1073 926 1207 987 vocatur
1229 924 1337 988 locum
1361 923 1488 988 obtinet
1509 1003 1513 1009 Ι

261 1026 345 1090 sicut
367 1027 443 1091 hist.
462 1027 505 1111 II,
527 1028 568 1093 76
596 1029 723 1110 specum
751 1028 910 1093 adulantis
943 1029 1001 1093 den
1028 1029 1166 1094 ansirici
1193 1031 1247 1095 der
1273 1030 1488 1095 scbmeiclcelei.

262 1131 407 1198 Sallustii
425 1137 457 1198 et
470 1134 576 1199 Vellei
602 1135 692 1198 nulla
711 1135 859 1218 exempla
881 1135 974 1200 nobis
998 1139 1078 1200 nota
1102 1137 1185 1200 sunt.
1222 1138 1325 1201 restat
1349 1136 1390 1200 ad
1413 1159 1486 1220 par-

262 1240 365 1324 ticipii
387 1241 566 1324 praesentis
595 1263 689 1305 usum
721 1241 754 1304 in
783 1264 894 1306 omnes
923 1245 1032 1326 partes
1061 1242 1290 1306 illustrandum
1318 1245 1355 1306 ut
1382 1265 1488 1326 pauca

264 1347 407 1412 dicamus
432 1347 470 1412 de
489 1357 647 1425 genetivo
670 1357 812 1427 pluralis
836 1349 1031 1413 substantivi
1055 1337 1212 1414 abstracti
1236 1349 1302 1413 vice
1330 1348 1487 1433 fungenti,

266 1475 361 1537 quem
384 1477 478 1519 usum
498 1478 611 1520 caveas
635 1477 676 1518 ne
696 1476 767 1518 cum
791 1476 889 1537 supra
907 1457 1157 1518 commemorato
1182 1453 1370 1518 confundas.
1403 1455 1488 1520 sicut

264 1559 338 1624 Tac.
361 1561 435 1625 hist.
458 1561 489 1645 I,
511 1563 533 1626 4
563 1563 638 1644 finis
665 1562 800 1626 Neronis
825 1566 862 1624 ut
890 1561 987 1625 laetius
1010 1562 1116 1643 primo
1141 1560 1344 1644 punientium
1370 1563 1487 1644 impetu

260 1667 383 1748 fuerat:
406 1670 442 1733 iu
464 1670 517 1733 der
540 1674 638 1734 ersten
660 1670 797 1752 uallunp
818 1669 872 1734 der
891 1669 1006 1749 frende.
1046 1690 1109 1753 qua
1131 1668 1257 1731 ratione
1280 1667 1343 1731 hoc
1365 1668 1487 1733 idioma

263 1776 396 1858 nitatur,
424 1797 464 1838 ne
493 1798 560 1839 rem
585 1781 689 1840 actam
714 1796 809 1860 agere
833 1774 999 1839 videamur
1027 1797 1094 1839 non
1125 1795 1334 1857 exponemus,
1363 1775 1418 1838 sed
1446 1775 1488 1838 ad

262 1881 555 1966 Naegelsbachium
563 1880 588 1968 1)
600 1883 767 1966 delegasse
783 1880 930 1946 sufficiat.
957 1884 1053 1965 atque
1064 1881 1159 1945 huius
1170 1903 1247 1944 usus
1258 1881 1298 1944 ad
1308 1881 1488 1946 ornandam

262 1989 443 2053 orationem
467 1989 641 2053 admodum
665 1989 735 2072 apti
763 1987 902 2072 vestigia
928 1989 995 2051 iam
1019 1988 1103 2072 apud
1132 1989 1284 2052 classicos
1313 1988 1487 2072 scriptores

171 2087 175 2091 ’
262 2093 483 2180 inveniuntur,
507 2117 703 2180 quamquam
722 2092 836 2159 Cicero
856 2094 1005 2179 genetivo
1031 2095 1271 2160 substantivum
1289 2095 1488 2160 hominum

264 2222 425 2284 apponere
449 2200 600 2288 1111111112)
638 2203 833 2287 posteriores
852 2201 980 2266 demum
1000 2201 1174 2286 scriptores
1197 2203 1283 2266 hunc
1301 2225 1396 2266 usum
1420 2224 1486 2267 sae·

262 2307 334 2391 pius
349 2307 557 2393 admiserunt,
572 2309 656 2373 sicut
671 2309 812 2393 Tacitus,
827 2309 918 2374 cuius
929 2309 1055 2373 dicendi
1065 2310 1176 2392 generi
1192 2308 1485 2374 accommodatissi-

264 2437 335 2478 mus
364 2417 422 2479 est.
460 2415 606 2481 Sallustii
634 2419 742 2481 autem
771 2419 804 2479 et
830 2415 936 2480 Vellei
964 2416 1110 2498 exempla
1137 2414 1232 2480 nobis
1261 2418 1390 2499 praesto
1421 2437 1487 2479 non

265 2526 348 2586 sunt.
386 2522 424 2586 cf.
448 2522 522 2587 Tac.
546 2546 618 2588 aun.
641 2523 688 2605 II,
713 2525 730 2587 1
756 2527 865 2587 cuncta
886 2523 1096 2586 venerantium
1119 2521 1224 2604 ospicia
1247 2524 1290 2587 ad
1310 2523 1487 2606 Anpuetum

262 2632 399 2692 uerterat.
444 2627 540 2712 XHI,
571 2631 611 2694 14
643 2653 759 2715 mapna
784 2630 1034 2713 percurrentium
1066 2630 1269 2694 multitudine.
1314 2630 1389 2695 hist.
1412 2630 1487 2714 I,4
1617 2626 1619 2630 ’

261 2735 336 2815 bnis
368 2734 504 2800 Neronis
538 2742 574 2801 ut
609 2738 706 2803 laetus
733 2739 839 2820 primo
871 2739 1074 2820 pauductium
1108 2738 1223 2820 impetu
1256 2737 1368 2817 sumat.
1414 2737 1488 2822 l,5
1521 2789 1524 2795 .

262 2861 316 2904 nce
338 2842 463 2907 1111111111
483 2863 635 2910 sermones
660 2846 780 2910 senimn
808 2849 897 2925 atque
920 2844 1089 2907 auaritiam
1113 2842 1231 2908 Galbae
1252 2845 1486 2926 increpantium.

261 2946 291 3029 I,
313 2947 353 3012 13
376 2950 551 3016 rumoribus
568 2951 648 3017 riibil
665 2953 786 3018 silantia
805 2951 1087 3015 transmittentium.
1119 2950 1148 3035 I,
1168 2951 1211 3014 22
1229 2952 1485 3018 coniecturalem

262 3058 292 3117 et
316 3075 439 3120 rumore
464 3059 584 3122 senilem
606 3059 726 3124 Galbae
752 3063 781 3122 et
806 3059 962 3122 inunitam
991 3056 1119 3121 Othonis
1149 3058 1392 3138 computantium
1412 3078 1484 3140 per-

262 3167 410 3226 suaserat.
446 3163 476 3247 I,
499 3163 541 3228 33
569 3168 758 3231 annotatione
779 3185 863 3229 num
889 3164 1020 3246 sepnitia
1043 3164 1202 3228 terentium
1226 3168 1342 3246 tempus
1365 3165 1485 3229 imitari

257 3268 430 3351 principem
457 3270 563 3335 aliseat.
606 3272 874 3357 1351111111
896 3271 1076 3335 errantium.
1123 3268 1169 3354 II,
1193 3270 1233 3333 21
1263 3269 1485 3336 exhortationes

264 3423 351 3440 ...
371 3425 378 3438 .
395 3379 627 3458 praetoriarum
649 3378 818 3444 cohortium
840 3378 929 3440 decus
951 3376 1164 3440 attollentium.
1200 3374 1262 3459 III,
1284 3376 1304 3439 9
1336 3377 1486 3441 1111111111-

264 3486 322 3546 tem
340 3484 420 3548 uicta
438 3505 529 3549 arma
553 3487 752 3552 tractantium
770 3485 925 3549 incursans.
961 3482 1019 3569 IV,
1038 3482 1080 3546 52
1104 3502 1207 3547 orasse
1223 3482 1329 3562 suunt
1347 3480 1486 3570 (Titum)

263 3609 301 3652 ne
323 3591 557 3657 criminantium
575 3594 695 3658 nuntiis
719 3598 826 3657 maere
843 3593 1060 3656 accenderetur.
1096 3588 1153 3671 IV,
1172 3590 1213 3653 29
1236 3589 1290 3652 ubi
1311 3609 1406 3656 sonus
1423 3612 1486 3655 mo-

264 3695 404 3760 lientium
428 3747 514 3763 ....
537 3701 668 3764 dederat.
713 3699 769 3782 IV,
793 3699 835 3762 32
863 3719 916 3762 aas
942 3702 1045 3762 autun
1074 3697 1199 3761 Treueri
1230 3701 1398 3778 ceteraeque
1429 3718 1488 3764 ser·

263 3802 410 3866 cientium
432 3805 564 3870 animae.
608 3805 665 3889 IV,
690 3805 954 3869 reinmarus
977 3809 1006 3868 ct
1026 3805 1126 3868 iustae
1141 3823 1246 3885 preces
1268 3804 1486 3868 inuocantium.

263 3907 304 3991 V,
329 3909 369 3972 13
397 3910 491 3976 simul
517 3913 625 3995 inpens
651 3917 751 3977 motus
777 3910 992 3976 excedentium.
1034 3908 1142 3994 Agric.
1165 3910 1187 3973 4
1214 3909 1337 3974 arcebat
1357 3930 1426 3973 cum
1448 3909 1486 3973 ab

264 4015 410 4080 illecebris
426 4020 630 4098 peccantium.

354 4121 551 4189 Felicissime
573 4127 674 4212 igitur
691 4127 724 4191 id
748 4125 890 4190 accidere
914 4123 1065 4206 vidimus,
1088 4125 1124 4186 ut
1145 4144 1184 4185 ca
1207 4124 1382 4205 structura,
1406 4144 1485 4206 quae

265 4229 306 4293 ad
325 4230 503 4296 ornandam
519 4234 698 4300 orationem
717 4237 786 4298 tam
805 4233 945 4296 multum
960 4228 1096 4312 confert,
1114 4229 1151 4292 in
1169 4229 1226 4293 illo
1241 4228 1347 4293 Taciti
1367 4231 1486 4313 scripto

266 4337 453 4421 saepissime
472 4339 619 4404 adhibita
638 4341 695 4424 sit,
716 4341 832 4423 inquo
852 4336 979 4403 dicendi
998 4356 1099 4421 genus
1118 4335 1225 4419 ipsum
1245 4335 1486 4400 ornatissimum

339 4584 364 4651 1)
384 4583 444 4637 Lat.
464 4585 520 4638 stil.
540 4604 567 4654 p.
588 4592 630 4641 92.

338 4671 426 4740 1)(11.
447 4673 596 4742 Naegelsb.
617 4691 644 4742 p.
664 4679 706 4728 93.
