3330 5228
288 251 332 313 20
825 249 916 319 Caput
932 249 969 303 ΙΙ.

378 409 469 490 sicu
491 434 565 476 ann.
588 411 617 496 Ι,
642 413 684 477 28
708 417 824 476 566465
847 414 998 476 minacem
1020 415 1049 474 64
1070 411 1105 474 45
1127 411 1223 475 scetus
1246 415 1426 492 erupturam
1447 410 1518 490 fars

239 564 243 572 ,
289 519 402 582 4654444.
432 517 459 600 Ι,
482 519 526 583 44
548 521 697 602 supptices
719 519 763 583 aet
783 517 855 583 baec
878 501 910 582 et
927 538 1000 582 uera
1023 516 1202 598 exprobrari
1222 503 1352 596 fatentes
1375 517 1517 582 arabant.

288 622 317 708 I,
340 625 383 688 49
411 646 486 707 quas
512 626 607 690 simut
629 625 771 690 vescentis
794 626 857 689 dies
879 625 972 690 simut
999 624 1115 706 quietas
1137 643 1198 688 noa
1225 623 1381 688 babuerat.
1418 623 1447 706 I,
1471 623 1517 686 50

288 751 325 796 erc
352 733 468 797 incubus
490 732 652 797 itineribus
681 731 765 796 breue
787 737 816 796 et
837 733 961 797 sobitum
983 736 1136 813 sequatur.
1169 729 1214 814 ΙΙ,·
1230 730 1270 794 51
1300 731 1379 799 sine,
1393 730 1518 794 autmre

287 839 402 904 milites
422 840 477 921 qui
498 839 695 904 semisomnos
718 840 852 904 imrmas
869 844 898 902 64
914 839 1059 920 putantes
1077 837 1253 902 cecideruut.
1286 837 1329 900 ib.
1347 837 1401 900 seat
1417 833 1518 900 bastes

288 945 381 1009 donec
407 965 516 1028 apmen
533 966 592 1026 per
618 946 716 1009 saltus
732 945 944 1027 perciperetur
970 929 1090 1008 immoti
1113 944 1184 1007 dein
1212 943 1310 1007 tatera
1333 948 1361 1007 et
1381 943 1517 1023 frontem

287 1051 403 1116 modice
424 1051 609 1116 assuttuutes
632 1055 695 1115 tata
717 1052 749 1115 ui
770 1051 951 1116 5544334553
973 1051 1137 1114 45654446.
1178 1049 1209 1133 Ι,
1233 1050 1274 1113 57
1303 1070 1382 1114 anor
1404 1049 1515 1113 Armi-

287 1159 359 1222 niae
502 1177 597 1239 neque
623 1159 703 1222 nicta
729 1159 765 1222 in
792 1159 938 1249 lacrimas
968 1178 1063 1240 neque
1089 1177 1157 1222 uoce
1183 1157 1310 1238 supptea
1337 1155 1517 1238 compressis

287 1266 374 1329 intra
402 1265 506 1329 sinum
535 1265 679 1328 manibus
705 1267 871 1347 prarirtum
900 1271 1021 1330 uterum
1048 1265 1180 1327 intuens.
1219 1261 1249 1346 I,
1273 1260 1315 1326 59
1343 1261 1516 1343 atquibus

198 1383 200 1385 ’
289 1371 399 1436 betium
426 1371 533 1436 inuitis
562 1376 619 1435 aut
643 1371 833 1454 eupimtibus
862 1377 936 1436 erat.
976 1371 1007 1454 I,
1033 1372 1075 1435 70
1098 1373 1313 1451 pernoctavere
1340 1370 1406 1434 sine
1427 1374 1514 1433 5465-

288 1477 397 1542 sitibus
419 1478 485 1541 sine
498 1477 565 1560 ipni
583 1499 698 1561 mapna
710 1499 791 1560 pars
808 1467 891 1544 nuda
909 1484 966 1543 aut
982 1477 1114 1542 mutcata
1133 1496 1262 1558 corpore.
1290 1473 1333 1559 ΙΙ,
1347 1475 1389 1539 67
1408 1497 1515 1558 quam-

288 1583 335 1647 uis
352 1582 530 1674 ambipuum
549 1587 578 1646 et
593 1584 706 1648 scetera
723 1604 782 1648 sna
799 1589 991 1666 reputantem
1004 1583 1150 1664 perputit.
1182 1581 1225 1665 II,
1241 1583 1283 1646 74
1300 1584 1371 1647 dein
1385 1584 1516 1648 Marsus

289 1690 404 1754 seniori
433 1695 461 1753 et
486 1689 591 1760 acrius
621 1690 754 1756 tenetmti
780 1689 884 1754 Sentio
913 1689 1064 1754 concessit.
1104 1686 1166 1769 III,
1194 1688 1233 1751 15
1264 1689 1421 1752 Tubertum
1449 1690 1516 1754 siue

288 1795 483 1859 miseratione
505 1795 572 1858 sine
593 1794 645 1858 ira
672 1794 858 1859 obstinatum
886 1797 1082 1876 clausumque
1104 1795 1190 1858 uidit.
1230 1793 1294 1878 ΙΙΙ,
1317 1795 1360 1858 32
1388 1795 1515 1876 4644965-

288 1901 363 1965 dum
379 1922 440 1982 pra
463 1901 584 1965 cansute
602 1921 740 1983 pnarum
762 1903 893 1967 miiitiae
915 1923 1039 1984 corpore
1064 1901 1203 1966 euticium
1226 1906 1255 1965 64
1276 1901 1351 1965 betto
1373 1901 1513 1981 sirffectu-

288 2028 367 2071 rum.
398 2006 457 2092 III,
471 2006 513 2070 39
537 2009 678 2072 semermi
695 2028 732 2072 ac
739 2009 885 2090 putantes
904 2009 1050 2072 trucidati
1067 2011 1147 2072 srrnt.
1174 2006 1233 2092 III,
1249 2008 1291 2072 69
1314 2029 1353 2073 ue
1370 2013 1517 2072 uerterent

288 2116 443 2196 sapienter
470 2115 584 2194 referta
611 2119 640 2178 et
667 2112 784 2196 senper
807 2115 936 2196 piacita.
976 2112 1034 2197 IV,
1059 2114 1097 2177 11
1128 2114 1324 2179 incredibilia
1350 2115 1438 2179 ariete
1468 2134 1515 2177 ac÷

289 2225 373 2302 cepta
395 2221 590 2302 iamneque
612 2221 647 2284 in
670 2220 856 2284 miramtum
879 2221 1031 2303 corruptis
1049 2225 1119 2284 ante
1142 2220 1281 2286 babeant.
1312 2219 1369 2304 IV,
1393 2221 1435 2285 38
1458 2219 1516 2284 bae

285 2327 510 2409 putcherrimae
533 2328 649 2410 effipies
671 2332 700 2390 64
721 2347 895 2392 mansurae.
936 2326 976 2412 V,
1002 2327 1041 2389 11
1066 2347 1206 2391 mansere
1228 2327 1344 2408 infensi
1366 2347 1403 2391 ac
1424 2327 1516 2390 mini-

290 2438 395 2499 tantes.
427 2433 484 2518 VI,
510 2436 527 2498 1
552 2431 715 2516 ambipuus
738 2454 781 2497 an
802 2435 907 2498 urbere
929 2435 1061 2498 intraret
1082 2453 1135 2497 seu
1157 2435 1233 2515 arcia
1255 2439 1362 2498 cmtra
1384 2435 1516 2498 destina·

147 2589 154 2603 .
288 2548 375 2607 uerat
396 2561 479 2623 spem
501 2541 623 2605 umturi
645 2541 807 2606 simulans.
835 2529 943 2624 XII,9
967 2541 1062 2604 aetati
1083 2541 1244 2622 utriusque
1261 2562 1324 2606 nan
1347 2541 1516 2606 absurdum

289 2654 318 2712 64
346 2649 469 2712 maiora
493 2648 723 2729 patefacturum
752 2653 826 2712 erat.
867 2647 945 2730 XII,
968 2647 1013 2711 44
1042 2649 1151 2728 ipnara
1178 2653 1207 2712 et
1233 2653 1362 2713 ornante
1381 2649 1517 2730 'insuper

289 2755 484 2821 Mirtumu.
525 2753 623 2838 XIII,
646 2755 690 2819 40
717 2757 849 2821 iusserat
874 2761 910 2820 ut
934 2755 1121 2841 instantibus
1149 2756 1319 2820 comminus
1345 2756 1518 2820 resisterent

289 2862 411 2944 refnpas
432 2881 496 2926 nan
518 2867 721 2943 sequerentur.
753 2861 842 2946 XIV,
860 2864 904 2927 46
927 2882 1032 2926 rerum
1054 2866 1084 2924 64
1106 2861 1161 2925 tibi
1182 2847 1289 2926 ualida
1310 2866 1395 2926 aetus
1416 2862 1516 2926 rebus·

290 2989 347 3050 que
369 2973 397 3031 64
416 2968 535 3048 fructui
556 2988 661 3032 rernm
683 2969 846 3052 sufficiens.
880 2967 952 3052 XV,
969 2969 1009 3032 15
1026 2968 1143 3050 parido
1166 2969 1264 3033 mitite
1286 2975 1315 3033 et
1336 2971 1516 3034 concedente.

289 3072 361 3156 XV,
384 3072 428 3136 35
456 3075 597 3154 quamuis
626 3077 742 3138 sontem
771 3079 800 3138 64
827 3075 996 3154 defensioni
1025 3075 1132 3138 merita
1164 3074 1312 3156 4444445445.
1353 3074 1448 3157 XVI,
1474 3076 1513 3138 11

288 3180 494 3260 relinquerent
519 3199 591 3245 suas
617 3182 792 3261 superstites
814 3186 844 3245 et
871 3182 1043 3246 morituros.
1085 3179 1177 3265 XVI,
1203 3182 1243 3246 18
1272 3182 1354 3246 dicta
1374 3182 1517 3263 factaque

290 3286 355 3350 eius
385 3291 501 3367 quauta
532 3287 682 3350 soranam
712 3292 741 3350 et
771 3289 929 3369 puericiam
959 3289 1009 3352 sui
1043 3288 1261 3370 neptepmtiam
1293 3289 1516 3371 praeferentur.

290 3391 379 3475 XVI,
392 3392 435 3456 26
459 3392 592 3458 cabibuit
608 3395 737 3475 spiritns
755 3396 820 3460 eius
836 3395 976 3459 Thrasea
993 3415 1032 3460 ne
1048 3415 1132 3459 uana
1149 3400 1178 3459 64
1194 3416 1244 3460 466
1262 3416 1325 3460 565
1337 3396 1516 3477 profutura.

290 3497 366 3564 hist.
389 3497 418 3581 I,
443 3500 461 3562 7
490 3519 645 3565 seruorum
673 3521 785 3566 manius
811 3501 921 3566 subitis
948 3503 1056 3566 aridae
1078 3507 1107 3565 et
1133 3506 1282 3584 tanquam
1309 3503 1395 3585 apud
1415 3521 1516 3567 semm

289 3605 477 3684 festinantes.
519 3604 544 3689 I,
568 3607 611 3670 34
633 3608 714 3671 45464
733 3610 899 3690 pandentes
922 3615 950 3673 64
971 3609 1148 3674 incuriosos.
1189 3608 1214 3692 I,
1239 3608 1282 3672 75
1303 3614 1340 3673 44
1361 3609 1435 3673 betta
1456 3610 1515 3673 im·

284 3731 380 3792 pares
402 3712 437 3775 in
453 3732 532 3793 pace
552 3713 634 3777 nibit
656 3715 812 3780 amissuri.
849 3715 891 3799 ΙΙ,
914 3717 958 3780 30
980 3717 1053 3781 uicti
1075 3722 1104 3781 et
1125 3717 1239 3798 ipuaui.
1276 3714 1318 3799 ΙΙ,
1342 3715 1385 3778 42
1408 3735 1515 3796 quam-

289 3838 383 3899 quam
405 3819 536 3900 dispersi
551 3821 714 3900 pauciores
734 3822 818 3902 fessi.
854 3821 901 3906 II,
923 3823 965 3888 48
984 3823 1129 3905 placicius
1152 3843 1203 3887 are
1225 3822 1397 3904 intrepidus
1418 3822 1517 3888 uerbis

291 3927 517 4007 intempestiuas
548 3946 675 3992 suarum
708 3929 855 3994 lacrimas
884 3950 1025 3996 coercens.
1067 3929 1112 4014 II,
1135 3929 1178 3992 49
1204 3928 1317 3993 Otbani
1342 3930 1516 4011 sepulcrum

290 4036 476 4096 exstructum
498 4037 543 4096 est
562 4034 715 4098 modicum
738 4041 767 4099 et
787 4057 980 4102 mansumm.
1013 4037 1120 4121 Agris.
1135 4035 1179 4100 34
1201 4036 1384 4118 ipnauorum
1406 4042 1436 4102 64
1456 4057 1514 4100 mc
1551 4066 1559 4075 ·
1659 4063 1660 4070 ¹

291 4139 448 4204 tuentium.
486 4139 560 4203 dial.
584 4139 627 4204 22
650 4141 761 4222 firmus
777 4144 885 4224 paries
907 4148 936 4207 et
956 4144 1134 4208 duratums.
1174 4143 1215 4206 10
1238 4163 1403 4224 persmiam
1430 4147 1516 4207 ricta·

290 4245 379 4309 bitem
401 4250 520 4310 etcum
543 4249 725 4312 auctoritate
746 4249 908 4313 dicturam.
937 4249 981 4313 34
1002 4270 1150 4331 mapnam
1172 4249 1262 4314 ittam
1280 4255 1309 4314 et
1329 4251 1516 4314 duraturam

290 4351 500 4433 eloquentiam.
1102 4369 1110 4380 ‘

378 4457 484 4524 Vellei
515 4464 547 4524 et
582 4457 727 4527 Sallustii
758 4463 810 4527 vix
846 4461 1022 4548 quidquam
1053 4467 1117 4548 est,
1151 4462 1238 4548 quod
1269 4465 1338 4529 iure
1368 4463 1434 4546 ,hue
1467 4483 1515 4526 re·

288 4560 440 4640 teramus,
932 4564 938 4574 ’
