3330 5228
493 306 535 359 De
553 305 697 375 participii
713 306 814 360 natura
831 306 974 360 nominali.
1301 306 1342 370 19

118 470 141 553 l,
166 471 207 534 12
229 471 305 551 quia
328 471 475 535 memorie
499 467 714 549 offerebantur.
751 470 793 534 ib.
814 469 896 535 nibil
918 471 954 534 ia
976 470 1040 533 aito
1062 470 1127 534 uisi
1151 469 1343 534 medendum

116 583 171 641 uici
194 578 267 658 fecit
292 582 349 642 out
374 577 460 642 dixit.
502 577 531 656 l,
557 578 596 641 17
625 578 689 642 aiei
716 597 827 659 aspero
854 598 890 641 oe
912 577 1007 641 rudia
1033 581 1151 658 repetas
1173 582 1202 640 el
1223 577 1340 641 iaeeat'

117 685 275 750 bedonio
301 685 433 749 nomiae.
474 682 552 749 Sall.
576 681 646 748 (lat.
673 685 771 768 10,2
800 685 944 766 optando.
983 685 1039 768 64,
1065 686 1082 747 l
1106 685 1218 762 virtius,
1238 685 1342 767 plaia

119 797 209 873 uque
230 791 298 856 olio
320 791 462 872 optando·
478 790 572 856 bonis.
583 789 609 876 ¹)

624 953 836 961 ————--—--—

632 1097 753 1192 Caput
780 1097 825 1171 Π.

428 1259 475 1328 lle
503 1260 679 1350 participii
705 1263 830 1332 natura
856 1261 1032 1334 nominali.

694 1452 767 1533 §a

299 1585 349 1640 De
372 1582 556 1654 participiis
580 1584 828 1644 adieetivorum
850 1585 956 1642 instar
978 1586 1163 1656 usurpatis.

208 1718 313 1782 Taciti
344 1739 439 1782 usum
473 1717 597 1782 dicendi
629 1719 800 1806 diligenter
837 1721 1109 1804 perscrutantem«
1131 1719 1243 1805 fugere
1279 1740 1345 1784 non

120 1827 227 1908 potest
250 1826 308 1889 illa
328 1823 494 1908 scriptoris
513 1827 721 1910 consuetudo,
746 1827 919 1892 secundum
934 1849 1032 1911 quam
1057 1818 1214 1911 singulari
1238 1827 1344 1892 studio

119 1931 299 2016 participiis
319 1931 452 1995 eandem
472 1935 567 2015 atqoe
588 1933 753 1998 adiectivis
773 1937 969 2017 potestatem
988 1933 1035 1998 ita
1054 1934 1179 2018 tribuit,
1202 1937 1239 1998 ut
1259 1934 1346 1999 hand

118 2060 192 2102 raro
217 2038 376 2103 extribus
396 2038 573 2119 attributis,
593 2060 675 2123 quae
690 2041 801 2105 autad
818 2041 904 2105 idem
925 2041 1164 2105 substantivum
1184 2041 1346 2123 pertinent

120 2148 176 2208 aut
205 2146 256 2210 sui
286 2145 364 2210 iuris
396 2147 484 2227 sunt,
514 2144 655 2228 primum
686 2148 719 2210 et
747 2147 896 2211 ultimum
924 2146 1045 2210 iustum
1075 2146 1269 2211 adiectivum
1292 2147 1345 2231 sit,

120 2251 259 2316 medium
274 2255 381 2316 autem
395 2250 610 2335 participium.
642 2273 810 2335 quaecum
830 2252 878 2316 ita
893 2252 966 2336 sint,
985 2254 1077 2335 patet
1096 2251 1289 2317 adiectivum
1313 2255 1346 2317 et

121 2359 326 2443 participium
355 2359 466 2423 eadem
494 2357 526 2421 vi
555 2361 587 2422 et
613 2362 775 2442 potestate
803 2359 861 2424 uti.
901 2357 996 2422 huius
1024 2381 1117 2441 usus,
1146 2381 1240 2443 quem
1269 2381 1344 2424 con-

119 2465 255 2531 fidenter
285 2465 511 2550 negaverimus
539 2464 625 2548 apud
647 2465 749 2531 ullum
777 2467 876 2532 alium
902 2467 954 2531 vel
982 2465 1110 2531 vinctae
1139 2468 1190 2532 vel
1221 2468 1345 2534 solutae

121 2574 276 2638 orationis
307 2572 494 2655 scriptorem
521 2573 591 2634 tam
624 2573 785 2656 expressis
814 2578 851 2638 ut
883 2574 930 2638 ita
962 2571 1104 2638 dicemus
1139 2573 1240 2659 signis
1275 2595 1346 2638 esse

121 2679 315 2764 adhibitum,
343 2679 485 2744 studium
508 2676 616 2741 Taciti
638 2700 748 2762 presse
780 2677 907 2745 dicendi
930 2679 1150 2764 orationisque
1173 2681 1346 2746 variandae

121 2785 294 2850 manifesta
317 2807 414 2851 eausa
437 2787 524 2861 erat,
547 2783 579 2847 id
599 2785 684 2868 quod
707 2787 870 2870 paucitate
896 2785 1127 2851 adiectivorum
1151 2809 1216 2872 qua·
1234 2788 1347 2871 lingua

120 2890 239 2956 Latina
261 2893 388 2957 laborat
411 2890 598 2976 augebatur.
824 2881 828 2888 ’

211 2997 397 3064 Inserviunt
419 3001 528 3061 autem
551 2997 600 3061 illi
624 2999 849 3064 consuetudini
872 2999 1016 3064 omnium
1039 3002 1221 3083 temporum
1245 2998 1343 3081 parti-

120 3104 204 3188 cipia
227 3105 438 3190 inprimisque
461 3103 669 3188 participium
692 3104 793 3171 futuri
817 3106 927 3190 activi,
951 3106 1036 3190 quod
1059 3109 1192 3190 propter
1214 3106 1346 3170 insitam

123 3212 153 3276 ei
180 3211 372 3278 facilitatem
400 3211 606 3295 aptissimum
634 3215 684 3276 est
711 3209 765 3297 (cf.
790 3216 810 3293 ἓ
836 3212 900 3298 15).
934 3203 1026 3277 'sicut
1053 3212 1129 3277 hist.
1151 3211 1191 3297 V,
1215 3212 1250 3276 5:
1272 3232 1346 3293 pro·

118 3318 212 3398 furios
238 3318 295 3402 (se.
318 3317 428 3382 Iudaei
452 3338 521 3381 esse
545 3315 669 3404 dicunt)
697 3320 752 3400 qui
779 3321 868 3384 mam
896 3319 1046 3401 imopines
1072 3319 1254 3384 mortalibus
1280 3340 1346 3384 mo-

121 3426 207 3490 teriis
237 3426 272 3488 in
303 3426 414 3508 speeies
445 3424 604 3489 bominum
636 3424 800 3507 efflapant:
832 3445 987 3490 ammam
1018 3427 1099 3491 illud
1128 3431 1158 3490 et
1188 3431 1347 3490 oetaeum

121 3552 217 3613 neque
238 3532 388 3596 imitabile
409 3551 505 3613 neque
527 3531 734 3596 interiturum.

211 3635 307 3702 Certo
340 3638 440 3722 igitur
471 3637 550 3702 haec
582 3635 763 3722 proprietas
797 3637 896 3724 digna
923 3641 986 3722 est,
1019 3660 1103 3722 quae
1129 3640 1241 3723 paucis
1274 3639 1345 3704 illu·

122 3747 249 3828 stretur,
273 3766 345 3809 cum
369 3743 410 3808 ad
432 3745 617 3809 liberiorem
640 3744 745 3810 Taciti
768 3745 1015 3830 participiorum
1038 3767 1132 3810 usum
1156 3746 1276 3832 rectius
1299 3746 1345 3810 in·

121 3851 341 3936 tellegendum
364 3852 561 3935 permultum
585 3852 740 3917 conferat

195 4033 221 4096 1)
241 4028 372 4082 Ottonem
392 4026 429 4079 ad
447 4025 511 4080 Tac.
532 4043 594 4082 ann.
614 4027 662 4096 III,
682 4031 760 4094 55,6
785 4027 925 4081 offendere
944 4026 1057 4082 videtur
1075 4027 1146 4092 Plin.
1167 4043 1209 4098 ep.
1229 4026 1291 4096 VH,
1310 4033 1345 4083 20

120 4121 153 4170 tu
170 4117 239 4171 mibi
255 4117 374 4172 maxime
391 4116 536 4171 imitabilis
558 4117 677 4171 maxim
694 4117 847 4172 imitandis
869 4117 1019 4183 uidebaris,
1044 4133 1109 4170 nam
1129 4119 1236 4172 eertum
1260 4117 1347 4186 quod-

121 4205 188 4260 dam
216 4205 365 4261 discrimen
393 4205 567 4260 intercedere
595 4205 669 4259 inter
697 4205 868 4260 adiectivum
895 4204 1083 4259 imitabilis
1110 4207 1139 4261 et
1165 4205 1346 4276 participium

120 4294 310 4349 imitandus
333 4297 420 4365 patet.
454 4311 486 4349 ae
505 4311 568 4349 mea
586 4294 701 4364 quidem
726 4295 867 4350 sententia
889 4295 1042 4365 praeeunte
1065 4295 1207 4350 adiectivo
1232 4293 1346 4348 imita·

120 4383 205 4437 bilis
228 4383 369 4438 indicatur
392 4383 572 4454 participium
596 4383 785 4437 imitandus
807 4384 862 4438 hoc
879 4384 943 4439 loco
969 4383 1102 4438 usitatam
1121 4383 1223 4436 habere
1243 4382 1347 4451 signifi·

121 4472 289 4541 cationem,
302 4473 406 4543 quippe
431 4472 506 4543 quod
530 4471 676 4541 praedicet
699 4472 807 4541 aliquid
828 4473 888 4528 fieri
910 4490 1024 4543 prorsus
1043 4473 1157 4539 debere,
1184 4488 1248 4526 cum
1272 4470 1347 4524 imi·

120 4561 246 4616 tabilis
260 4561 298 4614 ·is
327 4562 377 4632 sit,
405 4563 452 4632 qui
482 4561 583 4631 dignus
612 4563 655 4615 ast
681 4560 851 4632 imitatione,
882 4563 930 4616 sed
960 4578 1043 4632 quem
1071 4560 1176 4616 imitari
1203 4559 1279 4613 haud
1306 4560 1348 4614 ita

121 4665 193 4720 opus
212 4651 263 4705 est.
1146 4639 1148 4644 ¹

1099 4737 1135 4792 2*
