<?xml version="1.0" encoding="UTF-8"?>
<!DOCTYPE html PUBLIC "-//W3C//DTD XHTML 1.0 Transitional//EN"
    "http://www.w3.org/TR/xhtml1/DTD/xhtml1-transitional.dtd">
<html xmlns="http://www.w3.org/1999/xhtml" xml:lang="en" lang="en">
 <head>
  <title>
</title>
<meta http-equiv="Content-Type" content="text/html;charset=utf-8" />
  <meta name='ocr-system' content='tesseract 3.04.00' />
  <meta name='ocr-capabilities' content='ocr_page ocr_carea ocr_par ocr_line ocrx_word'/>
</head>
<body>
  <div class='ocr_page' id='page_1' title='image "./quaestionessynt00helmgoog/quaestionessynt00helmgoog_0055.png"; bbox 0 0 3330 5228; ppageno 0'>
   <div class='ocr_carea' id='block_1_1' title="bbox 483 317 1334 388">
    <p class='ocr_par' dir='ltr' id='par_1_1' title="bbox 483 317 1334 388">
     <span class='ocr_line' id='line_1_1' title="bbox 483 317 1334 388; baseline 0.004 -16"><span class='ocrx_word' id='word_1_1' title='bbox 483 319 524 372; x_wconf 93' lang='lat' dir='ltr'>De</span> <span class='ocrx_word' id='word_1_2' title='bbox 544 317 687 388; x_wconf 86' lang='lat' dir='ltr'>participii</span> <span class='ocrx_word' id='word_1_3' title='bbox 704 321 805 374; x_wconf 86' lang='lat' dir='ltr'>natura</span> <span class='ocrx_word' id='word_1_4' title='bbox 822 319 965 375; x_wconf 90' lang='lat' dir='ltr'>nominali.</span> <span class='ocrx_word' id='word_1_5' title='bbox 1291 323 1334 385; x_wconf 79' lang='grc'>47</span> 
     </span>
    </p>
   </div>
   <div class='ocr_carea' id='block_1_2' title="bbox 110 481 1339 1529">
    <p class='ocr_par' dir='ltr' id='par_1_2' title="bbox 110 481 1339 1529">
     <span class='ocr_line' id='line_1_2' title="bbox 118 481 1337 570; baseline 0.002 -23"><span class='ocrx_word' id='word_1_6' title='bbox 118 483 360 547; x_wconf 86' lang='lat' dir='ltr'>strumentalem</span> <span class='ocrx_word' id='word_1_7' title='bbox 375 485 408 545; x_wconf 92' lang='lat' dir='ltr'>et</span> <span class='ocrx_word' id='word_1_8' title='bbox 427 481 589 546; x_wconf 87' lang='lat' dir='ltr'>medalem</span> <span class='ocrx_word' id='word_1_9' title='bbox 610 485 752 547; x_wconf 79' lang='lat' dir='ltr'>statuere</span> <span class='ocrx_word' id='word_1_10' title='bbox 772 482 931 547; x_wconf 84' lang='lat' dir='ltr'>solebant.</span> <span class='ocrx_word' id='word_1_11' title='bbox 961 482 1101 547; x_wconf 80' lang='lat' dir='ltr'><strong>libenter</strong></span> <span class='ocrx_word' id='word_1_12' title='bbox 1118 483 1220 570; x_wconf 87' lang='lat' dir='ltr'>igitur</span> <span class='ocrx_word' id='word_1_13' title='bbox 1239 484 1337 570; x_wconf 86' lang='lat' dir='ltr'>Roth,</span> 
     </span>
     <span class='ocr_line' id='line_1_3' title="bbox 117 588 1336 675; baseline 0 -20"><span class='ocrx_word' id='word_1_14' title='bbox 117 589 338 675; x_wconf 80' lang='lat' dir='ltr'>Naegelsbach</span> <span class='ocrx_word' id='word_1_15' title='bbox 371 589 426 653; x_wconf 87' lang='lat' dir='ltr'>alii</span> <span class='ocrx_word' id='word_1_16' title='bbox 460 589 561 653; x_wconf 90' lang='lat' dir='ltr'>secuti</span> <span class='ocrx_word' id='word_1_17' title='bbox 595 593 671 652; x_wconf 90' lang='lat' dir='ltr'>sunt</span> <span class='ocrx_word' id='word_1_18' title='bbox 703 588 860 674; x_wconf 84' lang='lat' dir='ltr'>Madvigii</span> <span class='ocrx_word' id='word_1_19' title='bbox 898 589 1106 672; x_wconf 89' lang='lat' dir='ltr'>sententiam,</span> <span class='ocrx_word' id='word_1_20' title='bbox 1141 613 1336 674; x_wconf 88' lang='lat' dir='ltr'>quamquam</span> 
     </span>
     <span class='ocr_line' id='line_1_4' title="bbox 117 695 1337 780; baseline 0 -20"><span class='ocrx_word' id='word_1_21' title='bbox 117 695 354 780; x_wconf 82' lang='lat' dir='ltr'>Naegelsbach,</span> <span class='ocrx_word' id='word_1_22' title='bbox 374 717 446 760; x_wconf 86' lang='lat' dir='ltr'>cum</span> <span class='ocrx_word' id='word_1_23' title='bbox 465 696 706 778; x_wconf 88' lang='lat' dir='ltr'>internosceret,</span> <span class='ocrx_word' id='word_1_24' title='bbox 726 717 807 780; x_wconf 85' lang='lat' dir='ltr'>quae</span> <span class='ocrx_word' id='word_1_25' title='bbox 828 698 1009 760; x_wconf 88' lang='lat' dir='ltr'>structurae</span> <span class='ocrx_word' id='word_1_26' title='bbox 1028 695 1182 779; x_wconf 84' lang='lat' dir='ltr'>ingenus</span> <span class='ocrx_word' id='word_1_27' title='bbox 1202 696 1337 760; x_wconf 87' lang='lat' dir='ltr'>ablativi</span> 
     </span>
     <span class='ocr_line' id='line_1_5' title="bbox 117 800 1337 886; baseline -0.001 -18"><span class='ocrx_word' id='word_1_28' title='bbox 117 803 250 868; x_wconf 91' lang='lat' dir='ltr'>modalis</span> <span class='ocrx_word' id='word_1_29' title='bbox 282 803 413 886; x_wconf 85' lang='lat' dir='ltr'>cadant,</span> <span class='ocrx_word' id='word_1_30' title='bbox 444 823 525 885; x_wconf 88' lang='lat' dir='ltr'>quae</span> <span class='ocrx_word' id='word_1_31' title='bbox 556 821 624 870; x_wconf 88' lang='lat' dir='ltr'>non</span> <span class='ocrx_word' id='word_1_32' title='bbox 651 800 781 879; x_wconf 78' lang='lat' dir='ltr'>cadant,</span> <span class='ocrx_word' id='word_1_33' title='bbox 809 801 931 866; x_wconf 89' lang='lat' dir='ltr'>iustum</span> <span class='ocrx_word' id='word_1_34' title='bbox 959 801 1090 866; x_wconf 89' lang='lat' dir='ltr'>modum</span> <span class='ocrx_word' id='word_1_35' title='bbox 1114 803 1257 868; x_wconf 85' lang='lat' dir='ltr'>excessit.</span> <span class='ocrx_word' id='word_1_36' title='bbox 1300 825 1337 868; x_wconf 89' lang='lat' dir='ltr'>ca</span> 
     </span>
     <span class='ocr_line' id='line_1_6' title="bbox 120 906 1336 992; baseline -0.001 -17"><span class='ocrx_word' id='word_1_37' title='bbox 120 914 210 991; x_wconf 88' lang='lat' dir='ltr'>certe,</span> <span class='ocrx_word' id='word_1_38' title='bbox 234 930 315 992; x_wconf 89' lang='lat' dir='ltr'>quae</span> <span class='ocrx_word' id='word_1_39' title='bbox 339 907 410 973; x_wconf 84' lang='lat' dir='ltr'>Stil.</span> <span class='ocrx_word' id='word_1_40' title='bbox 433 906 502 972; x_wconf 87' lang='lat' dir='ltr'>Lat.</span> <span class='ocrx_word' id='word_1_41' title='bbox 527 929 557 990; x_wconf 91' lang='lat' dir='ltr'>p.</span> <span class='ocrx_word' id='word_1_42' title='bbox 584 907 647 970; x_wconf 87' lang='lat'>100</span> <span class='ocrx_word' id='word_1_43' title='bbox 671 906 823 971; x_wconf 86' lang='lat' dir='ltr'>disseruit</span> <span class='ocrx_word' id='word_1_44' title='bbox 845 929 912 971; x_wconf 91' lang='lat' dir='ltr'>non</span> <span class='ocrx_word' id='word_1_45' title='bbox 936 907 1045 972; x_wconf 86' lang='lat' dir='ltr'>omnia</span> <span class='ocrx_word' id='word_1_46' title='bbox 1068 930 1138 972; x_wconf 89' lang='lat' dir='ltr'>esse</span> <span class='ocrx_word' id='word_1_47' title='bbox 1161 914 1248 973; x_wconf 85' lang='lat' dir='ltr'>recta</span> <span class='ocrx_word' id='word_1_48' title='bbox 1272 931 1336 974; x_wconf 93' lang='lat' dir='ltr'>cer·</span> 
     </span>
     <span class='ocr_line' id='line_1_7' title="bbox 116 1010 1336 1100; baseline 0.001 -20"><span class='ocrx_word' id='word_1_49' title='bbox 116 1016 246 1082; x_wconf 87' lang='lat' dir='ltr'>tissimis</span> <span class='ocrx_word' id='word_1_50' title='bbox 275 1015 474 1100; x_wconf 84' lang='lat' dir='ltr'>argumentis</span> <span class='ocrx_word' id='word_1_51' title='bbox 503 1013 589 1078; x_wconf 89' lang='lat' dir='ltr'>infra</span> <span class='ocrx_word' id='word_1_52' title='bbox 617 1010 702 1100; x_wconf 88' lang='lat' dir='ltr'>(cap.</span> <span class='ocrx_word' id='word_1_53' title='bbox 725 1012 824 1097; x_wconf 75' lang='lat' dir='ltr'>IV,§</span> <span class='ocrx_word' id='word_1_54' title='bbox 851 1013 905 1088; x_wconf 64' lang='lat'>19)</span> <span class='ocrx_word' id='word_1_55' title='bbox 936 1014 1235 1081; x_wconf 87' lang='lat' dir='ltr'>demonstrabimus.</span> <span class='ocrx_word' id='word_1_56' title='bbox 1271 1017 1336 1081; x_wconf 90' lang='lat' dir='ltr'>iam</span> 
     </span>
     <span class='ocr_line' id='line_1_8' title="bbox 117 1118 1337 1207; baseline -0.001 -19"><span class='ocrx_word' id='word_1_57' title='bbox 117 1123 260 1207; x_wconf 84' lang='lat' dir='ltr'>exempla</span> <span class='ocrx_word' id='word_1_58' title='bbox 283 1122 354 1206; x_wconf 85' lang='lat' dir='ltr'>ipsa</span> <span class='ocrx_word' id='word_1_59' title='bbox 376 1121 592 1205; x_wconf 87' lang='lat' dir='ltr'>proferamus:</span> <span class='ocrx_word' id='word_1_60' title='bbox 616 1120 689 1185; x_wconf 86' lang='lat' dir='ltr'>Tae.</span> <span class='ocrx_word' id='word_1_61' title='bbox 713 1141 785 1183; x_wconf 89' lang='lat' dir='ltr'>ann.</span> <span class='ocrx_word' id='word_1_62' title='bbox 809 1118 834 1204; x_wconf 95' lang='grc' dir='ltr'>Ι,</span> <span class='ocrx_word' id='word_1_63' title='bbox 860 1121 900 1184; x_wconf 89' lang='grc'>10</span> <span class='ocrx_word' id='word_1_64' title='bbox 923 1122 1033 1184; x_wconf 87' lang='lat' dir='ltr'>etenim</span> <span class='ocrx_word' id='word_1_65' title='bbox 1047 1123 1208 1205; x_wconf 79' lang='lat' dir='ltr'>Auprtstus</span> <span class='ocrx_word' id='word_1_66' title='bbox 1224 1125 1337 1204; x_wconf 88' lang='lat' dir='ltr'>paucis</span> 
     </span>
     <span class='ocr_line' id='line_1_9' title="bbox 116 1227 1338 1311; baseline 0.001 -18"><span class='ocrx_word' id='word_1_67' title='bbox 116 1235 184 1294; x_wconf 91' lang='lat' dir='ltr'>ante</span> <span class='ocrx_word' id='word_1_68' title='bbox 210 1231 303 1295; x_wconf 89' lang='lat' dir='ltr'>annis</span> <span class='ocrx_word' id='word_1_69' title='bbox 330 1249 399 1294; x_wconf 91' lang='lat' dir='ltr'>cum</span> <span class='ocrx_word' id='word_1_70' title='bbox 423 1227 543 1292; x_wconf 71' lang='lat' dir='ltr'>liberio</span> <span class='ocrx_word' id='word_1_71' title='bbox 572 1227 770 1291; x_wconf 87' lang='lat' dir='ltr'>tribuniciam</span> <span class='ocrx_word' id='word_1_72' title='bbox 791 1232 970 1308; x_wconf 86' lang='lat' dir='ltr'>potestatem</span> <span class='ocrx_word' id='word_1_73' title='bbox 998 1250 1019 1292; x_wconf 93' lang='lat' dir='ltr'>a</span> <span class='ocrx_word' id='word_1_74' title='bbox 1041 1230 1185 1311; x_wconf 80' lang='lat' dir='ltr'>patribus</span> <span class='ocrx_word' id='word_1_75' title='bbox 1212 1251 1338 1294; x_wconf 90' lang='lat' dir='ltr'>rursum</span> 
     </span>
     <span class='ocr_line' id='line_1_10' title="bbox 110 1333 1339 1421; baseline 0 -19"><span class='ocrx_word' id='word_1_76' title='bbox 110 1337 293 1417; x_wconf 72' lang='lat' dir='ltr'>postularet,</span> <span class='ocrx_word' id='word_1_77' title='bbox 319 1355 508 1418; x_wconf 78' lang='lat' dir='ltr'>quaruqnam</span> <span class='ocrx_word' id='word_1_78' title='bbox 535 1333 653 1398; x_wconf 86' lang='lat' dir='ltr'>bonore</span> <span class='ocrx_word' id='word_1_79' title='bbox 675 1335 985 1416; x_wconf 78' lang='lat' dir='ltr'>oratione&#39;quaedam</span> <span class='ocrx_word' id='word_1_80' title='bbox 1006 1338 1042 1400; x_wconf 91' lang='lat' dir='ltr'>de</span> <span class='ocrx_word' id='word_1_81' title='bbox 1069 1337 1175 1402; x_wconf 86' lang='lat' dir='ltr'>babitu</span> <span class='ocrx_word' id='word_1_82' title='bbox 1198 1339 1339 1421; x_wconf 77' lang='lat' dir='ltr'>uoltuque</span> 
     </span>
     <span class='ocr_line' id='line_1_11' title="bbox 116 1441 1336 1529; baseline 0.001 -21"><span class='ocrx_word' id='word_1_83' title='bbox 116 1448 143 1508; x_wconf 89' lang='lat' dir='ltr'>et</span> <span class='ocrx_word' id='word_1_84' title='bbox 169 1444 319 1508; x_wconf 86' lang='lat' dir='ltr'>institutis</span> <span class='ocrx_word' id='word_1_85' title='bbox 347 1443 412 1507; x_wconf 89' lang='lat' dir='ltr'>eins</span> <span class='ocrx_word' id='word_1_86' title='bbox 441 1443 552 1506; x_wconf 88' lang='lat' dir='ltr'>iecerat</span> <span class='ocrx_word' id='word_1_87' title='bbox 577 1461 655 1522; x_wconf 75' lang='lat' dir='ltr'>picae</span> <span class='ocrx_word' id='word_1_88' title='bbox 682 1441 763 1506; x_wconf 85' lang='lat' dir='ltr'>uelut</span> <span class='ocrx_word' id='word_1_89' title='bbox 790 1443 961 1506; x_wconf 77' lang='lat' dir='ltr'>accusando</span> <span class='ocrx_word' id='word_1_90' title='bbox 984 1443 1184 1523; x_wconf 82' lang='lat' dir='ltr'>eeprobraret.</span> <span class='ocrx_word' id='word_1_91' title='bbox 1225 1443 1271 1529; x_wconf 92' lang='lat' dir='ltr'>II,</span> <span class='ocrx_word' id='word_1_92' title='bbox 1295 1446 1336 1509; x_wconf 80' lang='grc'>67</span> 
     </span>
    </p>
   </div>
   <div class='ocr_carea' id='block_1_3' title="bbox 117 1548 1434 1632">
    <p class='ocr_par' dir='ltr' id='par_1_3' title="bbox 117 1548 1434 1632">
     <span class='ocr_line' id='line_1_12' title="bbox 117 1548 1434 1632; baseline 0.002 -18"><span class='ocrx_word' id='word_1_93' title='bbox 117 1551 300 1616; x_wconf 74' lang='lat' dir='ltr'>centuriones</span> <span class='ocrx_word' id='word_1_94' title='bbox 322 1549 471 1614; x_wconf 89' lang='lat' dir='ltr'>monendo</span> <span class='ocrx_word' id='word_1_95' title='bbox 498 1549 652 1614; x_wconf 82' lang='lat' dir='ltr'>suadendo</span> <span class='ocrx_word' id='word_1_96' title='bbox 682 1553 809 1613; x_wconf 79' lang='lat' dir='ltr'>traxere.</span> <span class='ocrx_word' id='word_1_97' title='bbox 851 1548 898 1632; x_wconf 90' lang='grc' dir='ltr'>ΙΙ,</span> <span class='ocrx_word' id='word_1_98' title='bbox 922 1551 962 1614; x_wconf 90' lang='lat'>81</span> <span class='ocrx_word' id='word_1_99' title='bbox 987 1569 1139 1631; x_wconf 81' lang='lat' dir='ltr'>repressus</span> <span class='ocrx_word' id='word_1_100' title='bbox 1155 1572 1216 1632; x_wconf 88' lang='lat' dir='ltr'>pro</span> <span class='ocrx_word' id='word_1_101' title='bbox 1239 1554 1339 1616; x_wconf 87' lang='lat' dir='ltr'>muris</span> <span class='ocrx_word' id='word_1_102' title='bbox 1428 1584 1434 1598; x_wconf 93' lang='lat'>·</span> 
     </span>
    </p>
   </div>
   <div class='ocr_carea' id='block_1_4' title="bbox 109 1656 1346 4727">
    <p class='ocr_par' dir='ltr' id='par_1_4' title="bbox 109 1656 1346 4727">
     <span class='ocr_line' id='line_1_13' title="bbox 117 1656 1339 1739; baseline 0.002 -18"><span class='ocrx_word' id='word_1_103' title='bbox 117 1659 201 1722; x_wconf 91' lang='lat' dir='ltr'>rnodo</span> <span class='ocrx_word' id='word_1_104' title='bbox 223 1661 314 1722; x_wconf 81' lang='lat' dir='ltr'>senaet</span> <span class='ocrx_word' id='word_1_105' title='bbox 335 1657 517 1738; x_wconf 72' lang='lat' dir='ltr'>afflictando</span> <span class='ocrx_word' id='word_1_106' title='bbox 536 1657 623 1722; x_wconf 84' lang='lat' dir='ltr'>modo</span> <span class='ocrx_word' id='word_1_107' title='bbox 643 1656 781 1739; x_wconf 85' lang='lat' dir='ltr'>sinpulos</span> <span class='ocrx_word' id='word_1_108' title='bbox 798 1658 923 1720; x_wconf 90' lang='lat' dir='ltr'>nomine</span> <span class='ocrx_word' id='word_1_109' title='bbox 940 1657 1037 1721; x_wconf 89' lang='lat' dir='ltr'>sciens</span> <span class='ocrx_word' id='word_1_110' title='bbox 1054 1659 1207 1738; x_wconf 88' lang='lat' dir='ltr'>praemiis</span> <span class='ocrx_word' id='word_1_111' title='bbox 1228 1678 1339 1724; x_wconf 83' lang='lat' dir='ltr'>uocans</span> 
     </span>
     <span class='ocr_line' id='line_1_14' title="bbox 116 1761 1339 1846; baseline 0.003 -19"><span class='ocrx_word' id='word_1_112' title='bbox 116 1764 291 1828; x_wconf 73' lang='lat' dir='ltr'>seditiosam</span> <span class='ocrx_word' id='word_1_113' title='bbox 313 1764 476 1846; x_wconf 89' lang='lat' dir='ltr'>coeptabat.</span> <span class='ocrx_word' id='word_1_114' title='bbox 512 1761 570 1846; x_wconf 94' lang='lat' dir='ltr'>IV,</span> <span class='ocrx_word' id='word_1_115' title='bbox 593 1762 614 1825; x_wconf 80' lang='lat'><strong>2</strong></span> <span class='ocrx_word' id='word_1_116' title='bbox 637 1763 769 1844; x_wconf 91' lang='lat' dir='ltr'>irrepere</span> <span class='ocrx_word' id='word_1_117' title='bbox 785 1762 943 1844; x_wconf 88' lang='lat' dir='ltr'>paulatim</span> <span class='ocrx_word' id='word_1_118' title='bbox 970 1764 1121 1828; x_wconf 87' lang='lat' dir='ltr'>militares</span> <span class='ocrx_word' id='word_1_119' title='bbox 1143 1767 1264 1830; x_wconf 91' lang='lat' dir='ltr'>animos</span> <span class='ocrx_word' id='word_1_120' title='bbox 1286 1768 1339 1831; x_wconf 86' lang='lat' dir='ltr'>ad-</span> 
     </span>
     <span class='ocr_line' id='line_1_15' title="bbox 116 1868 1341 1956; baseline 0.003 -22"><span class='ocrx_word' id='word_1_121' title='bbox 116 1870 211 1934; x_wconf 90' lang='lat' dir='ltr'>eundo</span> <span class='ocrx_word' id='word_1_122' title='bbox 233 1870 424 1952; x_wconf 86' lang='lat' dir='ltr'>appellando.</span> <span class='ocrx_word' id='word_1_123' title='bbox 454 1868 544 1953; x_wconf 87' lang='lat' dir='ltr'>VI,8</span> <span class='ocrx_word' id='word_1_124' title='bbox 567 1889 663 1933; x_wconf 90' lang='lat' dir='ltr'>ansus</span> <span class='ocrx_word' id='word_1_125' title='bbox 677 1873 721 1934; x_wconf 87' lang='lat' dir='ltr'>est</span> <span class='ocrx_word' id='word_1_126' title='bbox 738 1889 825 1951; x_wconf 81' lang='lat' dir='ltr'>eques</span> <span class='ocrx_word' id='word_1_127' title='bbox 838 1869 1001 1935; x_wconf 85' lang='lat' dir='ltr'>Romanus</span> <span class='ocrx_word' id='word_1_128' title='bbox 1024 1921 1057 1936; x_wconf 90' lang='lat'>..</span> <span class='ocrx_word' id='word_1_129' title='bbox 1078 1921 1084 1935; x_wconf 92' lang='lat'><strong>.</strong></span> <span class='ocrx_word' id='word_1_130' title='bbox 1104 1920 1112 1934; x_wconf 92' lang='lat'>.</span> <span class='ocrx_word' id='word_1_131' title='bbox 1134 1873 1275 1956; x_wconf 79' lang='lat' dir='ltr'>amplecti</span> <span class='ocrx_word' id='word_1_132' title='bbox 1297 1875 1341 1938; x_wconf 91' lang='lat' dir='ltr'>ad</span> 
     </span>
     <span class='ocr_line' id='line_1_16' title="bbox 116 1973 1340 2061; baseline 0.004 -22"><span class='ocrx_word' id='word_1_133' title='bbox 116 1977 195 2056; x_wconf 83' lang='lat' dir='ltr'>bunc</span> <span class='ocrx_word' id='word_1_134' title='bbox 216 1979 340 2042; x_wconf 91' lang='lat' dir='ltr'>modum</span> <span class='ocrx_word' id='word_1_135' title='bbox 364 1978 449 2059; x_wconf 77' lang='lat' dir='ltr'>apccd</span> <span class='ocrx_word' id='word_1_136' title='bbox 470 1980 610 2042; x_wconf 89' lang='lat' dir='ltr'>senatum</span> <span class='ocrx_word' id='word_1_137' title='bbox 633 1975 786 2040; x_wconf 80' lang='lat' dir='ltr'>ordiendo.</span> <span class='ocrx_word' id='word_1_138' title='bbox 827 1974 884 2059; x_wconf 90' lang='grc' dir='ltr'>ΙΙΙ,</span> <span class='ocrx_word' id='word_1_139' title='bbox 908 1977 948 2040; x_wconf 86' lang='grc'>31</span> <span class='ocrx_word' id='word_1_140' title='bbox 975 1973 1104 2041; x_wconf 77' lang='lat' dir='ltr'>Corbulo</span> <span class='ocrx_word' id='word_1_141' title='bbox 1121 1979 1265 2059; x_wconf 88' lang='lat' dir='ltr'>plurima</span> <span class='ocrx_word' id='word_1_142' title='bbox 1281 1999 1340 2061; x_wconf 90' lang='lat' dir='ltr'>per</span> 
     </span>
     <span class='ocr_line' id='line_1_17' title="bbox 116 2083 1339 2165; baseline 0.002 -19"><span class='ocrx_word' id='word_1_143' title='bbox 116 2083 244 2148; x_wconf 88' lang='lat' dir='ltr'>Italiam</span> <span class='ocrx_word' id='word_1_144' title='bbox 269 2085 381 2149; x_wconf 90' lang='lat' dir='ltr'>itinera</span> <span class='ocrx_word' id='word_1_145' title='bbox 405 2085 662 2164; x_wconf 86' lang='lat' dir='ltr'>...interrupta</span> <span class='ocrx_word' id='word_1_146' title='bbox 685 2088 713 2146; x_wconf 92' lang='lat' dir='ltr'>et</span> <span class='ocrx_word' id='word_1_147' title='bbox 734 2083 883 2165; x_wconf 84' lang='lat' dir='ltr'>impervia</span> <span class='ocrx_word' id='word_1_148' title='bbox 912 2083 1099 2147; x_wconf 91' lang='lat' dir='ltr'>clamitando</span> <span class='ocrx_word' id='word_1_149' title='bbox 1122 2087 1339 2149; x_wconf 78' lang='lat' dir='ltr'>crescentianam</span> 
     </span>
     <span class='ocr_line' id='line_1_18' title="bbox 116 2189 1341 2272; baseline 0.002 -18"><span class='ocrx_word' id='word_1_150' title='bbox 116 2191 180 2255; x_wconf 90' lang='lat' dir='ltr'>cius</span> <span class='ocrx_word' id='word_1_151' title='bbox 210 2193 323 2272; x_wconf 82' lang='lat' dir='ltr'>nepotii</span> <span class='ocrx_word' id='word_1_152' title='bbox 356 2191 451 2255; x_wconf 81' lang='lat' dir='ltr'>libens</span> <span class='ocrx_word' id='word_1_153' title='bbox 476 2191 617 2271; x_wconf 87' lang='lat' dir='ltr'>suscepit.</span> <span class='ocrx_word' id='word_1_154' title='bbox 663 2189 725 2272; x_wconf 92' lang='lat' dir='ltr'>XI,</span> <span class='ocrx_word' id='word_1_155' title='bbox 748 2190 791 2254; x_wconf 87' lang='grc'>24</span> <span class='ocrx_word' id='word_1_156' title='bbox 818 2191 952 2256; x_wconf 89' lang='lat' dir='ltr'>maiores</span> <span class='ocrx_word' id='word_1_157' title='bbox 983 2190 1043 2254; x_wconf 87' lang='lat' dir='ltr'>mei</span> <span class='ocrx_word' id='word_1_158' title='bbox 1066 2238 1072 2253; x_wconf 92' lang='lat'><strong>.</strong></span> <span class='ocrx_word' id='word_1_159' title='bbox 1093 2240 1100 2252; x_wconf 90' lang='lat'><em>.</em></span> <span class='ocrx_word' id='word_1_160' title='bbox 1120 2240 1153 2255; x_wconf 90' lang='lat'>..</span> <span class='ocrx_word' id='word_1_161' title='bbox 1176 2191 1341 2256; x_wconf 82' lang='lat' dir='ltr'>hortantur</span> 
     </span>
     <span class='ocr_line' id='line_1_19' title="bbox 116 2296 1343 2379; baseline 0.002 -19"><span class='ocrx_word' id='word_1_162' title='bbox 116 2298 163 2361; x_wconf 89' lang='lat' dir='ltr'>nti</span> <span class='ocrx_word' id='word_1_163' title='bbox 183 2297 315 2378; x_wconf 87' lang='lat' dir='ltr'>pambus</span> <span class='ocrx_word' id='word_1_164' title='bbox 344 2297 481 2362; x_wconf 71' lang='lat' dir='ltr'>castius</span> <span class='ocrx_word' id='word_1_165' title='bbox 508 2296 727 2378; x_wconf 75' lang='lat' dir='ltr'>rempublicam</span> <span class='ocrx_word' id='word_1_166' title='bbox 754 2317 911 2378; x_wconf 86' lang='lat' dir='ltr'>capessam</span> <span class='ocrx_word' id='word_1_167' title='bbox 939 2297 1148 2378; x_wconf 70' lang='lat' dir='ltr'>transferendo</span> <span class='ocrx_word' id='word_1_168' title='bbox 1176 2297 1235 2362; x_wconf 88' lang='lat' dir='ltr'>buc</span> <span class='ocrx_word' id='word_1_169' title='bbox 1261 2300 1343 2379; x_wconf 77' lang='lat' dir='ltr'>qnod</span> 
     </span>
     <span class='ocr_line' id='line_1_20' title="bbox 116 2387 1339 2486; baseline 0.001 -19"><span class='ocrx_word' id='word_1_170' title='bbox 116 2423 246 2484; x_wconf 75' lang='lat' dir='ltr'>usercam</span> <span class='ocrx_word' id='word_1_171' title='bbox 268 2404 421 2486; x_wconf 76' lang='lat' dir='ltr'>eprepium</span> <span class='ocrx_word' id='word_1_172' title='bbox 442 2401 547 2482; x_wconf 82' lang='lat' dir='ltr'>suerit.</span> <span class='ocrx_word' id='word_1_173' title='bbox 574 2401 648 2486; x_wconf 91' lang='lat' dir='ltr'>XII,</span> <span class='ocrx_word' id='word_1_174' title='bbox 672 2403 716 2468; x_wconf 89' lang='grc'>44</span> <span class='ocrx_word' id='word_1_175' title='bbox 739 2404 838 2468; x_wconf 90' lang='lat' dir='ltr'>aliam</span> <span class='ocrx_word' id='word_1_176' title='bbox 860 2404 903 2467; x_wconf 91' lang='lat' dir='ltr'>ad</span> <span class='ocrx_word' id='word_1_177' title='bbox 924 2423 1007 2484; x_wconf 89' lang='lat' dir='ltr'>spem</span> <span class='ocrx_word' id='word_1_178' title='bbox 1024 2387 1148 2467; x_wconf 72' lang='lat' dir='ltr'>&#39;babae</span> <span class='ocrx_word' id='word_1_179' title='bbox 1171 2453 1177 2466; x_wconf 93' lang='lat'>.</span> <span class='ocrx_word' id='word_1_180' title='bbox 1197 2453 1204 2466; x_wconf 88' lang='lat'><strong>.</strong></span> <span class='ocrx_word' id='word_1_181' title='bbox 1224 2453 1230 2466; x_wconf 93' lang='lat'>.</span> <span class='ocrx_word' id='word_1_182' title='bbox 1250 2453 1257 2466; x_wconf 92' lang='lat'>.</span> <span class='ocrx_word' id='word_1_183' title='bbox 1281 2425 1339 2468; x_wconf 92' lang='lat' dir='ltr'>me·</span> 
     </span>
     <span class='ocr_line' id='line_1_21' title="bbox 115 2508 1340 2593; baseline 0.001 -20"><span class='ocrx_word' id='word_1_184' title='bbox 115 2510 273 2574; x_wconf 89' lang='lat' dir='ltr'>morando.</span> <span class='ocrx_word' id='word_1_185' title='bbox 304 2508 426 2593; x_wconf 87' lang='lat' dir='ltr'>XIV,5</span> <span class='ocrx_word' id='word_1_186' title='bbox 449 2509 628 2591; x_wconf 82' lang='lat' dir='ltr'>Aprippina</span> <span class='ocrx_word' id='word_1_187' title='bbox 652 2559 658 2572; x_wconf 93' lang='lat'>.</span> <span class='ocrx_word' id='word_1_188' title='bbox 679 2559 685 2573; x_wconf 95' lang='lat'><strong>.</strong></span> <span class='ocrx_word' id='word_1_189' title='bbox 706 2560 712 2573; x_wconf 93' lang='lat'>.</span> <span class='ocrx_word' id='word_1_190' title='bbox 732 2560 738 2573; x_wconf 93' lang='lat'>.</span> <span class='ocrx_word' id='word_1_191' title='bbox 761 2511 866 2574; x_wconf 89' lang='lat' dir='ltr'>nando</span> <span class='ocrx_word' id='word_1_192' title='bbox 889 2511 996 2574; x_wconf 82' lang='lat' dir='ltr'>deiude</span> <span class='ocrx_word' id='word_1_193' title='bbox 1018 2529 1142 2574; x_wconf 89' lang='lat' dir='ltr'>occursu</span> <span class='ocrx_word' id='word_1_194' title='bbox 1165 2511 1340 2575; x_wconf 79' lang='lat' dir='ltr'>lenunculo</span> 
     </span>
     <span class='ocr_line' id='line_1_22' title="bbox 116 2614 1340 2698; baseline 0.002 -18"><span class='ocrx_word' id='word_1_195' title='bbox 116 2637 187 2680; x_wconf 85' lang='lat' dir='ltr'>rum</span> <span class='ocrx_word' id='word_1_196' title='bbox 200 2616 374 2680; x_wconf 65' lang='lat' dir='ltr'>moinum</span> <span class='ocrx_word' id='word_1_197' title='bbox 392 2617 428 2680; x_wconf 87' lang='lat' dir='ltr'>in</span> <span class='ocrx_word' id='word_1_198' title='bbox 451 2615 555 2680; x_wconf 89' lang='lat' dir='ltr'>lacum</span> <span class='ocrx_word' id='word_1_199' title='bbox 572 2620 655 2686; x_wconf 84' lang='lat' dir='ltr'>aecta</span> <span class='ocrx_word' id='word_1_200' title='bbox 677 2616 769 2680; x_wconf 81' lang='lat' dir='ltr'>uillae</span> <span class='ocrx_word' id='word_1_201' title='bbox 790 2637 864 2681; x_wconf 91' lang='lat' dir='ltr'>snae</span> <span class='ocrx_word' id='word_1_202' title='bbox 886 2617 1027 2697; x_wconf 71' lang='lat' dir='ltr'>iactatur.</span> <span class='ocrx_word' id='word_1_203' title='bbox 1058 2614 1146 2694; x_wconf 88' lang='lat' dir='ltr'>XIV,</span> <span class='ocrx_word' id='word_1_204' title='bbox 1160 2617 1203 2681; x_wconf 81' lang='lat'>22</span> <span class='ocrx_word' id='word_1_205' title='bbox 1224 2617 1340 2698; x_wconf 78' lang='lat' dir='ltr'>fontem</span> 
     </span>
     <span class='ocr_line' id='line_1_23' title="bbox 116 2722 1340 2807; baseline 0.002 -20"><span class='ocrx_word' id='word_1_206' title='bbox 116 2744 214 2805; x_wconf 76' lang='lat' dir='ltr'>aquae</span> <span class='ocrx_word' id='word_1_207' title='bbox 239 2722 380 2807; x_wconf 82' lang='lat' dir='ltr'>Marciae</span> <span class='ocrx_word' id='word_1_208' title='bbox 402 2723 445 2788; x_wconf 89' lang='lat' dir='ltr'>ad</span> <span class='ocrx_word' id='word_1_209' title='bbox 465 2723 571 2786; x_wconf 91' lang='lat' dir='ltr'>urbem</span> <span class='ocrx_word' id='word_1_210' title='bbox 597 2723 741 2787; x_wconf 90' lang='lat' dir='ltr'>deductae</span> <span class='ocrx_word' id='word_1_211' title='bbox 767 2723 871 2786; x_wconf 91' lang='lat' dir='ltr'>nando</span> <span class='ocrx_word' id='word_1_212' title='bbox 894 2723 1064 2787; x_wconf 90' lang='lat' dir='ltr'>incesserat.</span> <span class='ocrx_word' id='word_1_213' title='bbox 1105 2722 1199 2801; x_wconf 90' lang='lat' dir='ltr'>XIII,</span> <span class='ocrx_word' id='word_1_214' title='bbox 1224 2723 1266 2789; x_wconf 83' lang='lat'>53</span> <span class='ocrx_word' id='word_1_215' title='bbox 1294 2725 1340 2788; x_wconf 93' lang='lat' dir='ltr'>in-</span> 
     </span>
     <span class='ocr_line' id='line_1_24' title="bbox 115 2827 1342 2912; baseline 0 -18"><span class='ocrx_word' id='word_1_216' title='bbox 115 2831 194 2894; x_wconf 88' lang='lat' dir='ltr'>cidit</span> <span class='ocrx_word' id='word_1_217' title='bbox 219 2829 303 2912; x_wconf 87' lang='lat' dir='ltr'>operi</span> <span class='ocrx_word' id='word_1_218' title='bbox 329 2829 439 2894; x_wconf 84' lang='lat' dir='ltr'>Aelius</span> <span class='ocrx_word' id='word_1_219' title='bbox 467 2827 605 2894; x_wconf 69' lang='lat' dir='ltr'>maelis</span> <span class='ocrx_word' id='word_1_220' title='bbox 632 2828 777 2910; x_wconf 82' lang='lat' dir='ltr'>Belpicae</span> <span class='ocrx_word' id='word_1_221' title='bbox 805 2829 920 2911; x_wconf 76' lang='lat' dir='ltr'>lepatus</span> <span class='ocrx_word' id='word_1_222' title='bbox 946 2831 1119 2893; x_wconf 87' lang='lat' dir='ltr'>deterrendo</span> <span class='ocrx_word' id='word_1_223' title='bbox 1149 2830 1282 2894; x_wconf 87' lang='lat' dir='ltr'>Veterem</span> <span class='ocrx_word' id='word_1_224' title='bbox 1303 2851 1342 2894; x_wconf 90' lang='lat' dir='ltr'>ne</span> 
     </span>
     <span class='ocr_line' id='line_1_25' title="bbox 117 2935 1341 3020; baseline 0 -20"><span class='ocrx_word' id='word_1_225' title='bbox 117 2937 246 3018; x_wconf 81' lang='lat' dir='ltr'>lepioms</span> <span class='ocrx_word' id='word_1_226' title='bbox 272 2937 354 3002; x_wconf 89' lang='lat' dir='ltr'>aliae</span> <span class='ocrx_word' id='word_1_227' title='bbox 376 2937 555 3019; x_wconf 84' lang='lat' dir='ltr'>prouinciae</span> <span class='ocrx_word' id='word_1_228' title='bbox 581 2935 718 3016; x_wconf 74' lang='lat' dir='ltr'>inferret.</span> <span class='ocrx_word' id='word_1_229' title='bbox 758 2935 847 3020; x_wconf 88' lang='lat' dir='ltr'>XIV,</span> <span class='ocrx_word' id='word_1_230' title='bbox 872 2937 889 3000; x_wconf 81' lang='lat'><strong>7</strong></span> <span class='ocrx_word' id='word_1_231' title='bbox 914 2937 957 3000; x_wconf 90' lang='lat' dir='ltr'>ad</span> <span class='ocrx_word' id='word_1_232' title='bbox 978 2942 1118 3000; x_wconf 90' lang='lat' dir='ltr'>senatum</span> <span class='ocrx_word' id='word_1_233' title='bbox 1145 2941 1174 3000; x_wconf 90' lang='lat' dir='ltr'>ct</span> <span class='ocrx_word' id='word_1_234' title='bbox 1188 2937 1341 3018; x_wconf 87' lang='lat' dir='ltr'>populum</span> 
     </span>
     <span class='ocr_line' id='line_1_26' title="bbox 110 3043 1340 3125; baseline -0.002 -17"><span class='ocrx_word' id='word_1_235' title='bbox 110 3045 291 3125; x_wconf 85' lang='lat' dir='ltr'>peruaderet</span> <span class='ocrx_word' id='word_1_236' title='bbox 319 3043 523 3125; x_wconf 75' lang='lat' dir='ltr'>narcfropinm</span> <span class='ocrx_word' id='word_1_237' title='bbox 554 3047 583 3106; x_wconf 90' lang='lat' dir='ltr'>et</span> <span class='ocrx_word' id='word_1_238' title='bbox 617 3043 730 3108; x_wconf 79' lang='lat' dir='ltr'>nubens</span> <span class='ocrx_word' id='word_1_239' title='bbox 761 3047 790 3108; x_wconf 87' lang='lat' dir='ltr'>et</span> <span class='ocrx_word' id='word_1_240' title='bbox 824 3043 995 3124; x_wconf 82' lang='lat' dir='ltr'>interfectos</span> <span class='ocrx_word' id='word_1_241' title='bbox 1031 3044 1145 3108; x_wconf 76' lang='lat' dir='ltr'>ammos</span> <span class='ocrx_word' id='word_1_242' title='bbox 1179 3043 1340 3108; x_wconf 84' lang='lat' dir='ltr'>obiciendo.</span> 
     </span>
     <span class='ocr_line' id='line_1_27' title="bbox 117 3147 1341 3238; baseline 0 -24"><span class='ocrx_word' id='word_1_243' title='bbox 117 3149 205 3232; x_wconf 90' lang='lat' dir='ltr'>XIV,</span> <span class='ocrx_word' id='word_1_244' title='bbox 221 3150 262 3214; x_wconf 86' lang='lat'>31</span> <span class='ocrx_word' id='word_1_245' title='bbox 286 3149 490 3215; x_wconf 74' lang='lat' dir='ltr'>exturbabant</span> <span class='ocrx_word' id='word_1_246' title='bbox 506 3149 591 3231; x_wconf 82' lang='lat' dir='ltr'>apris</span> <span class='ocrx_word' id='word_1_247' title='bbox 614 3151 748 3231; x_wconf 87' lang='lat' dir='ltr'>cepticos</span> <span class='ocrx_word' id='word_1_248' title='bbox 766 3170 865 3238; x_wconf 84' lang='lat' dir='ltr'>seruos</span> <span class='ocrx_word' id='word_1_249' title='bbox 884 3150 1073 3232; x_wconf 86' lang='lat' dir='ltr'>appellando.</span> <span class='ocrx_word' id='word_1_250' title='bbox 1098 3147 1169 3233; x_wconf 91' lang='lat' dir='ltr'>XV,</span> <span class='ocrx_word' id='word_1_251' title='bbox 1185 3151 1204 3214; x_wconf 89' lang='grc'>8</span> <span class='ocrx_word' id='word_1_252' title='bbox 1225 3151 1341 3232; x_wconf 79' lang='lat' dir='ltr'>loupia-</span> 
     </span>
     <span class='ocr_line' id='line_1_28' title="bbox 116 3255 1341 3340; baseline 0 -20"><span class='ocrx_word' id='word_1_253' title='bbox 116 3257 187 3338; x_wconf 79' lang='lat' dir='ltr'>qnis</span> <span class='ocrx_word' id='word_1_254' title='bbox 214 3256 377 3320; x_wconf 77' lang='lat' dir='ltr'>itineribus</span> <span class='ocrx_word' id='word_1_255' title='bbox 399 3257 609 3338; x_wconf 82' lang='lat' dir='ltr'>peracrsnndo</span> <span class='ocrx_word' id='word_1_256' title='bbox 637 3276 715 3338; x_wconf 77' lang='lat' dir='ltr'>quae</span> <span class='ocrx_word' id='word_1_257' title='bbox 743 3256 872 3321; x_wconf 85' lang='lat' dir='ltr'>obtineri</span> <span class='ocrx_word' id='word_1_258' title='bbox 901 3256 1074 3338; x_wconf 77' lang='lat' dir='ltr'>nequibant.</span> <span class='ocrx_word' id='word_1_259' title='bbox 1116 3255 1187 3340; x_wconf 92' lang='lat' dir='ltr'>XV,</span> <span class='ocrx_word' id='word_1_260' title='bbox 1211 3257 1253 3322; x_wconf 87' lang='lat'>38</span> <span class='ocrx_word' id='word_1_261' title='bbox 1284 3258 1341 3320; x_wconf 89' lang='lat' dir='ltr'>im-</span> 
     </span>
     <span class='ocr_line' id='line_1_29' title="bbox 109 3363 1341 3446; baseline 0.001 -20"><span class='ocrx_word' id='word_1_262' title='bbox 109 3368 187 3445; x_wconf 84' lang='lat' dir='ltr'>petu</span> <span class='ocrx_word' id='word_1_263' title='bbox 204 3368 409 3446; x_wconf 79' lang='lat' dir='ltr'>pervapatum</span> <span class='ocrx_word' id='word_1_264' title='bbox 426 3364 602 3427; x_wconf 81' lang='lat' dir='ltr'>incendium</span> <span class='ocrx_word' id='word_1_265' title='bbox 619 3363 723 3445; x_wconf 90' lang='lat' dir='ltr'>plana</span> <span class='ocrx_word' id='word_1_266' title='bbox 742 3364 882 3445; x_wconf 88' lang='lat' dir='ltr'>primum</span> <span class='ocrx_word' id='word_1_267' title='bbox 900 3364 1008 3438; x_wconf 90' lang='lat' dir='ltr'>deinde</span> <span class='ocrx_word' id='word_1_268' title='bbox 1026 3363 1061 3426; x_wconf 91' lang='lat' dir='ltr'>in</span> <span class='ocrx_word' id='word_1_269' title='bbox 1079 3364 1161 3427; x_wconf 87' lang='lat' dir='ltr'>edita</span> <span class='ocrx_word' id='word_1_270' title='bbox 1179 3383 1341 3446; x_wconf 83' lang='lat' dir='ltr'>assurpens</span> 
     </span>
     <span class='ocr_line' id='line_1_30' title="bbox 115 3469 1342 3554; baseline 0 -20"><span class='ocrx_word' id='word_1_271' title='bbox 115 3474 145 3534; x_wconf 93' lang='lat' dir='ltr'>et</span> <span class='ocrx_word' id='word_1_272' title='bbox 174 3489 284 3535; x_wconf 90' lang='lat' dir='ltr'>rursus</span> <span class='ocrx_word' id='word_1_273' title='bbox 314 3471 465 3550; x_wconf 84' lang='lat' dir='ltr'>inferiora</span> <span class='ocrx_word' id='word_1_274' title='bbox 488 3471 675 3552; x_wconf 90' lang='lat' dir='ltr'>populando.</span> <span class='ocrx_word' id='word_1_275' title='bbox 717 3469 789 3554; x_wconf 85' lang='lat' dir='ltr'>XV,</span> <span class='ocrx_word' id='word_1_276' title='bbox 813 3472 854 3535; x_wconf 80' lang='grc'>67</span> <span class='ocrx_word' id='word_1_277' title='bbox 884 3470 1045 3535; x_wconf 83' lang='lat' dir='ltr'>saeuitiam</span> <span class='ocrx_word' id='word_1_278' title='bbox 1075 3471 1161 3550; x_wconf 88' lang='lat' dir='ltr'>apud</span> <span class='ocrx_word' id='word_1_279' title='bbox 1188 3470 1342 3534; x_wconf 88' lang='lat' dir='ltr'>Neronem</span> 
     </span>
     <span class='ocr_line' id='line_1_31' title="bbox 115 3572 1342 3659; baseline -0.002 -19"><span class='ocrx_word' id='word_1_280' title='bbox 115 3577 245 3641; x_wconf 86' lang='lat' dir='ltr'>iactavit</span> <span class='ocrx_word' id='word_1_281' title='bbox 279 3577 473 3659; x_wconf 78' lang='lat' dir='ltr'>sesquiplapa</span> <span class='ocrx_word' id='word_1_282' title='bbox 509 3575 700 3656; x_wconf 75' lang='lat' dir='ltr'>interfectum</span> <span class='ocrx_word' id='word_1_283' title='bbox 732 3597 753 3640; x_wconf 94' lang='lat' dir='ltr'>a</span> <span class='ocrx_word' id='word_1_284' title='bbox 788 3597 820 3641; x_wconf 89' lang='lat' dir='ltr'>sc</span> <span class='ocrx_word' id='word_1_285' title='bbox 855 3577 988 3640; x_wconf 81' lang='lat' dir='ltr'>dicendo.</span> <span class='ocrx_word' id='word_1_286' title='bbox 1038 3572 1110 3658; x_wconf 91' lang='lat' dir='ltr'>XV,</span> <span class='ocrx_word' id='word_1_287' title='bbox 1138 3574 1179 3639; x_wconf 80' lang='lat'>57</span> <span class='ocrx_word' id='word_1_288' title='bbox 1213 3575 1342 3639; x_wconf 91' lang='lat' dir='ltr'>clariore</span> 
     </span>
     <span class='ocr_line' id='line_1_32' title="bbox 115 3680 1343 3767; baseline -0.001 -20"><span class='ocrx_word' id='word_1_289' title='bbox 115 3683 251 3764; x_wconf 74' lang='lat' dir='ltr'>exemplo</span> <span class='ocrx_word' id='word_1_290' title='bbox 276 3684 549 3766; x_wconf 83' lang='lat' dir='ltr'>...protependa</span> <span class='ocrx_word' id='word_1_291' title='bbox 591 3682 684 3767; x_wconf 90' lang='lat' dir='ltr'>XIH,</span> <span class='ocrx_word' id='word_1_292' title='bbox 711 3683 753 3746; x_wconf 79' lang='lat'>47</span> <span class='ocrx_word' id='word_1_293' title='bbox 787 3683 978 3765; x_wconf 73' lang='lat' dir='ltr'>suspectabat</span> <span class='ocrx_word' id='word_1_294' title='bbox 1004 3683 1140 3746; x_wconf 81' lang='lat' dir='ltr'>manime</span> <span class='ocrx_word' id='word_1_295' title='bbox 1167 3680 1343 3747; x_wconf 76' lang='lat' dir='ltr'>Cornelium</span> 
     </span>
     <span class='ocr_line' id='line_1_33' title="bbox 114 3788 1345 3871; baseline -0.001 -17"><span class='ocrx_word' id='word_1_296' title='bbox 114 3788 242 3855; x_wconf 79' lang='lat' dir='ltr'>Sullam</span> <span class='ocrx_word' id='word_1_297' title='bbox 268 3798 369 3854; x_wconf 88' lang='lat' dir='ltr'>socors</span> <span class='ocrx_word' id='word_1_298' title='bbox 395 3790 554 3871; x_wconf 81' lang='lat' dir='ltr'>inpeninm</span> <span class='ocrx_word' id='word_1_299' title='bbox 576 3791 642 3854; x_wconf 91' lang='lat' dir='ltr'>eius</span> <span class='ocrx_word' id='word_1_300' title='bbox 663 3791 699 3853; x_wconf 94' lang='lat' dir='ltr'>in</span> <span class='ocrx_word' id='word_1_301' title='bbox 725 3791 916 3856; x_wconf 78' lang='lat' dir='ltr'>contrarium</span> <span class='ocrx_word' id='word_1_302' title='bbox 939 3789 1063 3854; x_wconf 84' lang='lat' dir='ltr'>trabeas</span> <span class='ocrx_word' id='word_1_303' title='bbox 1090 3790 1294 3871; x_wconf 77' lang='lat' dir='ltr'>callidumque</span> <span class='ocrx_word' id='word_1_304' title='bbox 1316 3795 1345 3854; x_wconf 92' lang='lat' dir='ltr'>et</span> 
     </span>
     <span class='ocr_line' id='line_1_34' title="bbox 114 3894 1342 3979; baseline -0.001 -19"><span class='ocrx_word' id='word_1_305' title='bbox 114 3896 330 3961; x_wconf 88' lang='lat' dir='ltr'>simulatorem</span> <span class='ocrx_word' id='word_1_306' title='bbox 352 3897 589 3978; x_wconf 78' lang='lat' dir='ltr'>interpretando.</span> <span class='ocrx_word' id='word_1_307' title='bbox 616 3894 673 3979; x_wconf 91' lang='lat' dir='ltr'>IV,</span> <span class='ocrx_word' id='word_1_308' title='bbox 693 3898 713 3961; x_wconf 83' lang='lat'>6</span> <span class='ocrx_word' id='word_1_309' title='bbox 736 3898 906 3962; x_wconf 88' lang='lat' dir='ltr'>mandabat</span> <span class='ocrx_word' id='word_1_310' title='bbox 922 3896 1049 3962; x_wconf 86' lang='lat' dir='ltr'>bmcorcs</span> <span class='ocrx_word' id='word_1_311' title='bbox 1066 3897 1255 3961; x_wconf 87' lang='lat' dir='ltr'>nobilitatem</span> <span class='ocrx_word' id='word_1_312' title='bbox 1277 3917 1342 3960; x_wconf 90' lang='lat' dir='ltr'>ma-</span> 
     </span>
     <span class='ocr_line' id='line_1_35' title="bbox 114 4001 1343 4094; baseline 0.002 -29"><span class='ocrx_word' id='word_1_313' title='bbox 114 4003 221 4066; x_wconf 90' lang='lat' dir='ltr'>iorum</span> <span class='ocrx_word' id='word_1_314' title='bbox 243 4001 458 4066; x_wconf 82' lang='lat' dir='ltr'>claritudinem</span> <span class='ocrx_word' id='word_1_315' title='bbox 485 4003 616 4067; x_wconf 74' lang='lat' dir='ltr'>militiae</span> <span class='ocrx_word' id='word_1_316' title='bbox 637 4003 772 4069; x_wconf 88' lang='lat' dir='ltr'>illustres</span> <span class='ocrx_word' id='word_1_317' title='bbox 794 4003 877 4067; x_wconf 89' lang='lat' dir='ltr'>domi</span> <span class='ocrx_word' id='word_1_318' title='bbox 899 4007 981 4066; x_wconf 84' lang='lat' dir='ltr'>artes</span> <span class='ocrx_word' id='word_1_319' title='bbox 1002 4003 1174 4084; x_wconf 86' lang='lat' dir='ltr'>spectando.</span> <span class='ocrx_word' id='word_1_320' title='bbox 1215 4001 1277 4094; x_wconf 94' lang='lat' dir='ltr'>VI,</span> <span class='ocrx_word' id='word_1_321' title='bbox 1301 4003 1343 4067; x_wconf 83' lang='lat'>38</span> 
     </span>
     <span class='ocr_line' id='line_1_36' title="bbox 113 4106 1345 4190; baseline 0.001 -19"><span class='ocrx_word' id='word_1_322' title='bbox 113 4109 219 4174; x_wconf 89' lang='lat' dir='ltr'>multa</span> <span class='ocrx_word' id='word_1_323' title='bbox 248 4112 277 4172; x_wconf 91' lang='lat' dir='ltr'>et</span> <span class='ocrx_word' id='word_1_324' title='bbox 304 4109 422 4173; x_wconf 89' lang='lat' dir='ltr'>atrocia</span> <span class='ocrx_word' id='word_1_325' title='bbox 450 4109 486 4172; x_wconf 90' lang='lat' dir='ltr'>in</span> <span class='ocrx_word' id='word_1_326' title='bbox 514 4108 695 4173; x_wconf 89' lang='lat' dir='ltr'>Macronem</span> <span class='ocrx_word' id='word_1_327' title='bbox 724 4130 760 4173; x_wconf 91' lang='lat' dir='ltr'>ac</span> <span class='ocrx_word' id='word_1_328' title='bbox 783 4109 968 4190; x_wconf 80' lang='lat' dir='ltr'>praecipuos</span> <span class='ocrx_word' id='word_1_329' title='bbox 999 4109 1174 4173; x_wconf 87' lang='lat' dir='ltr'>libertorum</span> <span class='ocrx_word' id='word_1_330' title='bbox 1202 4106 1345 4173; x_wconf 76' lang='lat' dir='ltr'>Caesaris</span> 
     </span>
     <span class='ocr_line' id='line_1_37' title="bbox 113 4213 1269 4298; baseline 0.001 -20"><span class='ocrx_word' id='word_1_331' title='bbox 113 4215 288 4296; x_wconf 89' lang='lat' dir='ltr'>composuit</span> <span class='ocrx_word' id='word_1_332' title='bbox 309 4215 371 4295; x_wconf 81' lang='lat' dir='ltr'>ipsi</span> <span class='ocrx_word' id='word_1_333' title='bbox 392 4215 512 4295; x_wconf 77' lang='lat' dir='ltr'>ducam</span> <span class='ocrx_word' id='word_1_334' title='bbox 534 4216 618 4280; x_wconf 87' lang='lat' dir='ltr'>senio</span> <span class='ocrx_word' id='word_1_335' title='bbox 641 4218 770 4280; x_wconf 90' lang='lat' dir='ltr'>mentem</span> <span class='ocrx_word' id='word_1_336' title='bbox 794 4215 976 4281; x_wconf 89' lang='lat' dir='ltr'>obiectando.</span> <span class='ocrx_word' id='word_1_337' title='bbox 1018 4213 1075 4298; x_wconf 91' lang='lat' dir='ltr'>XI,</span> <span class='ocrx_word' id='word_1_338' title='bbox 1099 4216 1141 4280; x_wconf 80' lang='grc'>26</span> <span class='ocrx_word' id='word_1_339' title='bbox 1165 4217 1269 4280; x_wconf 90' lang='lat' dir='ltr'>mitem</span> 
     </span>
     <span class='ocr_line' id='line_1_38' title="bbox 113 4321 1344 4406; baseline 0.002 -22"><span class='ocrx_word' id='word_1_340' title='bbox 113 4323 270 4386; x_wconf 89' lang='lat' dir='ltr'>rationem</span> <span class='ocrx_word' id='word_1_341' title='bbox 292 4321 434 4386; x_wconf 77' lang='lat' dir='ltr'>adhibuit</span> <span class='ocrx_word' id='word_1_342' title='bbox 454 4323 603 4387; x_wconf 87' lang='lat' dir='ltr'>monendo</span> <span class='ocrx_word' id='word_1_343' title='bbox 625 4342 727 4388; x_wconf 90' lang='lat' dir='ltr'>seeum</span> <span class='ocrx_word' id='word_1_344' title='bbox 744 4323 870 4403; x_wconf 77' lang='lat' dir='ltr'>quisque</span> <span class='ocrx_word' id='word_1_345' title='bbox 892 4323 928 4386; x_wconf 91' lang='lat' dir='ltr'>de</span> <span class='ocrx_word' id='word_1_346' title='bbox 949 4342 980 4387; x_wconf 89' lang='lat' dir='ltr'>se</span> <span class='ocrx_word' id='word_1_347' title='bbox 1002 4323 1194 4387; x_wconf 86' lang='lat' dir='ltr'>consultaret.</span> <span class='ocrx_word' id='word_1_348' title='bbox 1226 4321 1300 4386; x_wconf 88' lang='lat' dir='ltr'>hist.</span> <span class='ocrx_word' id='word_1_349' title='bbox 1319 4321 1344 4406; x_wconf 92' lang='lat' dir='ltr'>I,</span> 
     </span>
     <span class='ocr_line' id='line_1_39' title="bbox 114 4427 1344 4512; baseline 0.002 -20"><span class='ocrx_word' id='word_1_350' title='bbox 114 4428 160 4492; x_wconf 83' lang='lat'>24</span> <span class='ocrx_word' id='word_1_351' title='bbox 184 4427 356 4502; x_wconf 75' lang='lat' dir='ltr'>alliciendo.</span> <span class='ocrx_word' id='word_1_352' title='bbox 397 4428 427 4512; x_wconf 91' lang='lat' dir='ltr'>I,</span> <span class='ocrx_word' id='word_1_353' title='bbox 449 4429 492 4493; x_wconf 88' lang='grc'>43</span> <span class='ocrx_word' id='word_1_354' title='bbox 516 4432 604 4495; x_wconf 91' lang='lat' dir='ltr'>modo</span> <span class='ocrx_word' id='word_1_355' title='bbox 627 4449 725 4494; x_wconf 89' lang='lat' dir='ltr'>mauu</span> <span class='ocrx_word' id='word_1_356' title='bbox 746 4430 835 4494; x_wconf 89' lang='lat' dir='ltr'>modo</span> <span class='ocrx_word' id='word_1_357' title='bbox 863 4431 1093 4495; x_wconf 71' lang='lat' dir='ltr'>computenda</span> <span class='ocrx_word' id='word_1_358' title='bbox 1115 4431 1151 4494; x_wconf 90' lang='lat' dir='ltr'>in</span> <span class='ocrx_word' id='word_1_359' title='bbox 1173 4450 1344 4512; x_wconf 88' lang='lat' dir='ltr'>sepereus·</span> 
     </span>
     <span class='ocr_line' id='line_1_40' title="bbox 112 4532 1346 4620; baseline 0.003 -22"><span class='ocrx_word' id='word_1_360' title='bbox 112 4555 209 4599; x_wconf 86' lang='lat' dir='ltr'>sores.</span> <span class='ocrx_word' id='word_1_361' title='bbox 247 4532 276 4617; x_wconf 96' lang='lat' dir='ltr'>I,</span> <span class='ocrx_word' id='word_1_362' title='bbox 300 4533 342 4599; x_wconf 82' lang='lat'>58</span> <span class='ocrx_word' id='word_1_363' title='bbox 365 4537 516 4618; x_wconf 60' lang='lat' dir='ltr'>unescere</span> <span class='ocrx_word' id='word_1_364' title='bbox 537 4558 600 4602; x_wconf 93' lang='lat' dir='ltr'>non</span> <span class='ocrx_word' id='word_1_365' title='bbox 622 4538 685 4605; x_wconf 90' lang='lat' dir='ltr'>nisi</span> <span class='ocrx_word' id='word_1_366' title='bbox 705 4536 841 4617; x_wconf 72' lang='lat' dir='ltr'>falbndo</span> <span class='ocrx_word' id='word_1_367' title='bbox 865 4537 979 4602; x_wconf 85' lang='lat' dir='ltr'>licebat.</span> <span class='ocrx_word' id='word_1_368' title='bbox 1014 4537 1044 4620; x_wconf 95' lang='grc' dir='ltr'>Ι,</span> <span class='ocrx_word' id='word_1_369' title='bbox 1067 4537 1109 4601; x_wconf 92' lang='grc'>66</span> <span class='ocrx_word' id='word_1_370' title='bbox 1133 4557 1225 4600; x_wconf 93' lang='lat' dir='ltr'>arma</span> <span class='ocrx_word' id='word_1_371' title='bbox 1244 4558 1346 4620; x_wconf 80' lang='lat' dir='ltr'>penna</span> 
     </span>
     <span class='ocr_line' id='line_1_41' title="bbox 113 4641 1346 4727; baseline 0.003 -23"><span class='ocrx_word' id='word_1_372' title='bbox 113 4641 246 4722; x_wconf 78' lang='lat' dir='ltr'>cestipia</span> <span class='ocrx_word' id='word_1_373' title='bbox 268 4644 446 4722; x_wconf 83' lang='lat' dir='ltr'>prensando</span> <span class='ocrx_word' id='word_1_374' title='bbox 473 4644 584 4724; x_wconf 80' lang='lat' dir='ltr'>flerem</span> <span class='ocrx_word' id='word_1_375' title='bbox 611 4644 747 4708; x_wconf 87' lang='lat' dir='ltr'>militum</span> <span class='ocrx_word' id='word_1_376' title='bbox 773 4644 903 4709; x_wconf 88' lang='lat' dir='ltr'>animos.</span> <span class='ocrx_word' id='word_1_377' title='bbox 939 4642 1001 4727; x_wconf 91' lang='lat' dir='ltr'>III,</span> <span class='ocrx_word' id='word_1_378' title='bbox 1025 4642 1068 4707; x_wconf 83' lang='lat'>54</span> <span class='ocrx_word' id='word_1_379' title='bbox 1096 4647 1199 4725; x_wconf 87' lang='lat' dir='ltr'>captos</span> <span class='ocrx_word' id='word_1_380' title='bbox 1228 4643 1346 4710; x_wconf 88' lang='lat' dir='ltr'>Vitellii</span> 
     </span>
    </p>
   </div>
   <div class='ocr_carea' id='block_1_5' title="bbox 0 0 1675 5228">
    <p class='ocr_par' dir='ltr' id='par_1_5' title="bbox 0 0 1675 5228">
     <span class='ocr_line' id='line_1_42' title="bbox 0 0 1675 5228; baseline 0 0"><span class='ocrx_word' id='word_1_381' title='bbox 0 0 1675 5228; x_wconf 95' lang='lat' dir='ltr'> </span> 
     </span>
    </p>
   </div>
  </div>
 </body>
</html>
