3340 5218
281 278 323 342 74
816 284 907 352 Caput
925 284 973 338 IV.

279 446 435 527 tanquam
468 444 646 508 transferri.
654 443 678 532 ¹)
724 443 835 510 Oicero
869 449 975 512 autem
1004 445 1216 509 dubitandum
1246 450 1400 530 nonest,
1428 448 1514 530 quin

280 551 411 635 linguae
439 555 507 615 tam
537 552 660 635 peritus
690 552 796 636 fuerit,
820 556 857 616 ut
879 553 974 617 facile
999 553 1165 618 enuntiato
1190 553 1286 617 alicui
1310 576 1379 618 eam
1406 554 1514 617 tribu-

281 657 343 721 erit
365 656 518 738 formam,
542 680 623 744 quae
647 661 724 742 apta
748 660 790 722 sit
818 658 858 724 ad
881 658 1045 743 participii
1067 659 1126 724 fut.
1150 663 1209 725 act.
1235 660 1514 746 significationem

281 765 459 829 certissime
474 765 715 851 designandam.
745 787 826 849 quae
846 788 918 830 cum
937 767 984 830 ita
1003 767 1076 851 sint,
1090 767 1336 850 explicationem
1350 765 1515 852 Draegeri

281 872 397 936 falsam
421 861 491 936 esse
514 875 613 956 patet.
659 871 769 937 Livius
794 876 902 938 autem
926 895 1023 957 quarn
1047 875 1117 958 pari
1148 875 1317 938 intervallo
1341 877 1373 938 et
1397 896 1417 937 a
1439 893 1515 956 per-

282 981 420 1063 angusto
451 979 594 1061 priorum
626 982 658 1042 et
671 979 830 1045 liberiore
856 979 1073 1062 posteriorum
1097 981 1292 1064 scriptorum
1321 1002 1382 1044 usu
1411 978 1516 1042 distet

282 1085 448 1150 occasione
482 1083 557 1149 data
589 1085 890 1151 demonstrabimus,
935 1089 1064 1169 praeter
1102 1083 1304 1171 Sallustium,
1337 1084 1514 1167 Velleium‚

283 1191 431 1256 Tacitum
451 1192 548 1255 etiam
564 1189 711 1257 Curtium
729 1214 823 1256 usum
847 1193 1019 1276 participii,
1042 1192 1081 1257 de
1101 1215 1164 1278 quo
1188 1195 1303 1278 agitur,
1325 1193 1360 1256 in
1385 1192 1513 1256 deliciis

282 1298 435 1363 habuisse
458 1299 602 1384 Draeger
624 1322 655 1383 p.
680 1300 721 1363 79
746 1298 920 1365 contendit.

371 1404 433 1469 Est
455 1407 571 1489 autem,
595 1405 623 1469 si
647 1405 794 1492 singulae
819 1409 942 1490 species
961 1410 1158 1491 spectantur,
1181 1406 1345 1490 participii
1368 1406 1428 1473 fut.
1448 1410 1511 1471 aet.

282 1516 349 1576 tam
379 1512 486 1576 varius
515 1535 604 1597 usus,
632 1517 669 1578 ut
697 1514 869 1598 significet:
903 1513 932 1600 I)
961 1537 1048 1597 eum,
1072 1514 1127 1598 qui
1151 1515 1221 1578 vult
1249 1513 1370 1597 aliquid
1394 1513 1512 1578 facere.

161 1651 162 1654 ¹
283 1617 330 1702 ΙΙ)
356 1642 439 1704 eum,
463 1621 518 1704 qui
540 1621 605 1684 iam
629 1621 724 1686 ineo
748 1627 805 1702 est
829 1625 866 1685 ut
889 1621 1010 1706 aliquid
1033 1621 1140 1686 faciat.
1168 1619 1233 1706 111)
1257 1642 1339 1704 eum,
1362 1621 1412 1684 cui
1437 1625 1513 1685 tan-

284 1748 380 1810 quam
403 1727 471 1792 fato
495 1729 693 1792 destinatum
717 1733 779 1812 est,
809 1732 846 1792 ut
870 1728 991 1812 aliquid
1014 1727 1112 1792 faciat
1140 1728 1248 1810 itaque
1272 1730 1393 1792 sortem
1417 1749 1512 1792 suam

283 1853 349 1896 non
369 1833 513 1917 effugiat.
535 1833 597 1920 IV)
621 1857 703 1917 eum,
726 1835 780 1919 qui
800 1835 922 1918 aliquid
944 1835 1073 1919 faceret,
1098 1835 1125 1898 si
1147 1839 1235 1898 certa
1253 1833 1411 1918 quaedam
1436 1855 1511 1898 con-

284 1938 367 2002 dicio
392 1939 432 2003 ad
456 1940 604 2005 effectum
628 1940 766 2006 adducta
791 1945 885 2006 esset.
922 1940 1140 2025 (participium
1165 1940 1325 2005 enuntiati
1348 1940 1512 2006 condicio-

284 2046 378 2130 nalis,
401 2047 491 2110 cuius
516 2052 742 2133 argumentum
761 2049 793 2113 in
812 2070 964 2131 praesens
984 2053 1112 2132 tempus
1132 2046 1227 2131 cadit,
1250 2047 1319 2112 viee
1338 2045 1511 2133 fungitur.)

284 2151 330 2240 V)
354 2176 435 2238 eum,
459 2154 515 2239 qui
537 2158 625 2219 certa
648 2155 785 2239 quadam
810 2154 997 2219 condicione
1021 2153 1143 2237 aliquid
1165 2154 1304 2219 fecisset

303 2366 330 2420 1.
367 2363 568 2434 Participium
586 2365 644 2421 fut.
660 2367 720 2422 aet.
735 2365 901 2435 usurpatur
920 2364 957 2420 ad
976 2364 1193 2436 designandum
1213 2378 1281 2420 eum
1304 2364 1357 2432 qul
1376 2324 1495 2431 ilicum

777 2455 844 2510 rult
861 2455 1021 2526 perdocte.

374 2564 448 2629 Tae.
472 2587 545 2629 ann.
569 2564 615 2648 ΙΙ,
641 2566 680 2629 17
711 2565 894 2630 Stertinium
930 2584 998 2629 curn
1034 2565 1138 2630 ceteris
1168 2566 1279 2629 tnrrnis
1308 2565 1512 2647 cirurnrpredi

287 2679 426 2754 tergaque
452 2673 595 2736 inaadne
626 2673 708 2737 iubet
737 2674 802 2754 ipse
829 2674 864 2737 in
897 2677 1026 2753 ternpore
1057 2672 1234 2753 adfuturus.
1271 2671 1328 2752 IV,
1352 2671 1393 2735 39
1422 2671 1512 2735 lrabe-

285 2785 330 2844 rct
363 2781 396 2843 in
427 2781 533 2844 aninro
564 2780 699 2844 amicurn
730 2780 797 2845 sota
828 2779 1060 2844 necessitudinis
1084 2779 1188 2862 ptoria
1216 2799 1355 2844 nsururn.
1396 2775 1511 2862 ΧΙΙ,2

286 2887 366 2951 atad
392 2907 505 2952 noarrrn
529 2885 777 2951 ...disserebat
803 2887 832 2950 si
858 2891 944 2950 saeta
971 2886 1106 2950 coniunx
1128 2886 1241 2949 rediret
1270 2884 1513 2966 tandqrrmuern

286 2994 495 3058 riorercatrlrus
523 2994 602 3058 odiis
628 2995 735 3058 aisrna
768 2992 991 3056 Britannicum
1021 2979 1053 3056 et
1079 2990 1244 3056 Octauiani.
1286 2989 1363 3072 XII,
1387 2990 1430 3053 49
1454 2990 1512 3054 Pe-

288 3100 390 3182 tipnus
414 3150 420 3164 .
440 3149 473 3164 ..
497 3105 646 3182 mnqnaru
673 3101 897 3182 reciperaturus
924 3099 1111 3162 Arnienianr
1138 3099 1310 3164 ...uenit
1352 3096 1446 3180 XIII,
1470 3098 1513 3162 20

287 3227 343 3270 nos
371 3227 549 3271 coneursum
576 3211 737 3271 auctorurn
764 3207 898 3270 seurtnri
920 3226 997 3286 quac
1025 3208 1145 3271 diense
1164 3205 1360 3287 prodiderint
1380 3204 1435 3270 snb
1458 3192 1533 3268 no-'

288 3313 424 3378 urinibrrs
447 3315 584 3396 ipsum
602 3314 765 3377 tradernus.
802 3311 890 3396 XIV,
906 3313 925 3377 8
949 3313 977 3376 si
995 3313 1038 3376 ad
1054 3314 1212 3377 viseruturn
1234 3312 1362 3378 uenisset
1382 3312 1514 3390 refotam

223 3459 228 3478 ν
288 3422 447 3498 nuntiaret
468 3422 519 3486 sin
543 3420 669 3500 facilius
689 3424 878 3501 patraturus
900 3417 980 3484 nihil
1002 3419 1039 3483 de
1060 3439 1091 3483 sc
1112 3417 1178 3500 filio
1201 3419 1325 3483 nedae.
1361 3415 1451 3501 XIV,
1469 3417 1510 3481 41

288 3528 435 3592 ultionenr
459 3529 608 3592 clrrsurus.
650 3524 722 3611 XV,
749 3527 789 3590 10
816 3527 907 3590 duxit
929 3527 1058 3609 tepiones
1080 3525 1171 3607 quasi
1192 3523 1312 3605 piractio
1335 3528 1513 3588 certaturus.

289 3634 364 3698 hist.
386 3633 415 3718 Ι,
440 3634 482 3698 33
510 3633 695 3698 obsidionem
717 3634 869 3697 nirniruru
892 3633 1085 3697 toleraturus.
1115 3629 1140 3714 I,
1164 3631 1206 3694 66
1232 3630 1311 3695 Tota
1333 3631 1411 3694 rnotc
1433 3650 1513 3694 seeu-

290 3746 386 3806 tnrus.
426 3740 456 3823 Ι,
480 3740 521 3804 83
545 3740 613 3803 aeni
634 3740 859 3820 postulaturus.
893 3738 939 3822 ΙΙ,
963 3739 1006 3803 48
1029 3742 1065 3801 nt
1080 3739 1250 3821 periturus.
1278 3735 1324 3820 II,
1349 3737 1391 3800 53
1414 3737 1514 3801 redire

290 3867 393 3911 ornnes
406 3846 587 3911 Bononrarn
605 3866 714 3910 rursus
732 3845 935 3911 annitiatnri.
963 3844 1005 3927 11,
1019 3844 1061 3908 58
1085 3848 1121 3908 ut
1143 3843 1393 3908 transmissurus.
1420 3840 1512 3924 ΙΙΙ,3

290 3953 348 4017 irre
374 3954 448 4017 illuc
476 3957 637 4018 tracturus.
678 3951 740 4036 ΙΠ,
763 3952 806 4017 48
837 3952 954 4018 clausis
981 3966 1124 4016 anmnoc
1150 3950 1295 4015 srrbsidiis
1322 3949 1462 4030 inopiam
1488 3955 1515 4014 ct

291 4061 477 4126 discordiam
499 4059 578 4124 trosti
603 4061 753 4142 facturus.
794 4058 852 4142 ΙΙΙ,
876 4057 923 4124 63‘
941 4059 1075 4141 abrupta
1096 4057 1231 4138 crudique
1252 4076 1304 4138 spe
1332 4054 1514 4120 Vitellianus

291 4169 378 4233 mites
406 4168 596 4232 transiturus
618 4169 654 4232 in
675 4173 789 4250 partes.
831 4164 886 4250 IV,
911 4165 954 4230 85
981 4185 1034 4229 nee
1056 4165 1166 4246 parnis
1184 4162 1332 4245 periculis
1355 4162 1515 4226 immistus

291 4282 320 4341 et
346 4274 516 4369 uiatoribus
542 4295 605 4339 nan
633 4276 802 4355 defuturus
843 4271 883 4357 V,
909 4275 948 4336 11
976 4271 1065 4336 rebus
1091 4271 1231 4336 sccrrndis
1258 4269 1379 4351 tonpins
1405 4271 1514 4334 amari

367 4469 392 4535 1)
411 4467 455 4521 Ad
475 4467 692 4538 explicationem
710 4471 833 4521 nostram
848 4463 947 4519 melius
965 4461 1185 4532 intellegendam
1198 4478 1254 4517 non
1272 4460 1372 4514 inutile
1386 4461 1430 4514 est
1447 4460 1514 4516 rele-

293 4572 359 4626 gare
379 4555 415 4609 ad
434 4556 602 4614 Graecorum
623 4553 783 4626 optativum
806 4553 853 4621 qui
876 4555 994 4607 vocatur
1016 4551 1190 4620 iterativum,
1215 4565 1278 4604 cum
1300 4548 1330 4602 in
1349 4564 1382 4603 eo
1406 4564 1514 4616 quoque

293 4662 346 4700 usu
363 4645 442 4702 notio
460 4645 619 4703 iterationis
639 4644 766 4717 optativo
785 4661 842 4700 non
860 4643 953 4710 insita,
973 4643 1023 4698 sed
1040 4640 1129 4697 totius
1149 4638 1286 4696 enuntiati
1305 4636 1421 4708 propria
1439 4637 1484 4692 eit.
