<?xml version="1.0" encoding="UTF-8"?>
<!DOCTYPE html PUBLIC "-//W3C//DTD XHTML 1.0 Transitional//EN"
    "http://www.w3.org/TR/xhtml1/DTD/xhtml1-transitional.dtd">
<html xmlns="http://www.w3.org/1999/xhtml" xml:lang="en" lang="en">
 <head>
  <title>
</title>
<meta http-equiv="Content-Type" content="text/html;charset=utf-8" />
  <meta name='ocr-system' content='tesseract 3.04.00' />
  <meta name='ocr-capabilities' content='ocr_page ocr_carea ocr_par ocr_line ocrx_word'/>
</head>
<body>
  <div class='ocr_page' id='page_1' title='image "./quaestionessynt00helmgoog_0075.png"; bbox 0 0 3340 5218; ppageno 0'>
   <div class='ocr_carea' id='block_1_1' title="bbox 428 326 1306 398">
    <p class='ocr_par' dir='ltr' id='par_1_1' title="bbox 428 326 1306 398">
     <span class='ocr_line' id='line_1_1' title="bbox 428 326 1306 398; baseline 0.005 -17"><span class='ocrx_word' id='word_1_1' title='bbox 428 327 468 382; x_wconf 90' lang='lat' dir='ltr'>De</span> <span class='ocrx_word' id='word_1_2' title='bbox 487 328 699 398; x_wconf 74' lang='lat' dir='ltr'>participiorum</span> <span class='ocrx_word' id='word_1_3' title='bbox 717 347 770 384; x_wconf 91' lang='lat' dir='ltr'>usu</span> <span class='ocrx_word' id='word_1_4' title='bbox 788 327 960 384; x_wconf 87' lang='lat' dir='ltr'>attributivo.</span> <span class='ocrx_word' id='word_1_5' title='bbox 1264 326 1306 392; x_wconf 80' lang='grc'>67</span> 
     </span>
    </p>
   </div>
   <div class='ocr_carea' id='block_1_2' title="bbox 86 489 1312 1747">
    <p class='ocr_par' dir='ltr' id='par_1_2' title="bbox 86 489 1312 1747">
     <span class='ocr_line' id='line_1_2' title="bbox 176 489 1309 582; baseline -0.002 -26"><span class='ocrx_word' id='word_1_6' title='bbox 176 490 293 556; x_wconf 87' lang='lat' dir='ltr'>Oblata</span> <span class='ocrx_word' id='word_1_7' title='bbox 321 489 488 554; x_wconf 79' lang='lat' dir='ltr'>occasione</span> <span class='ocrx_word' id='word_1_8' title='bbox 522 491 651 558; x_wconf 89' lang='lat' dir='ltr'>intersit</span> <span class='ocrx_word' id='word_1_9' title='bbox 678 491 771 582; x_wconf 80' lang='lat' dir='ltr'>scire,</span> <span class='ocrx_word' id='word_1_10' title='bbox 804 495 913 555; x_wconf 90' lang='lat' dir='ltr'>utrum</span> <span class='ocrx_word' id='word_1_11' title='bbox 947 494 1109 556; x_wconf 72' lang='lat' dir='ltr'>structura</span> <span class='ocrx_word' id='word_1_12' title='bbox 1137 491 1309 556; x_wconf 87' lang='lat' dir='ltr'>accusativi</span> 
     </span>
     <span class='ocr_line' id='line_1_3' title="bbox 87 594 1310 682; baseline -0.001 -21"><span class='ocrx_word' id='word_1_13' title='bbox 87 597 235 682; x_wconf 83' lang='lat' dir='ltr'>gerundii</span> <span class='ocrx_word' id='word_1_14' title='bbox 258 618 330 660; x_wconf 91' lang='lat' dir='ltr'>curn</span> <span class='ocrx_word' id='word_1_15' title='bbox 354 597 539 662; x_wconf 84' lang='lat' dir='ltr'>accusativo</span> <span class='ocrx_word' id='word_1_16' title='bbox 564 597 681 662; x_wconf 88' lang='lat' dir='ltr'>obiecti</span> <span class='ocrx_word' id='word_1_17' title='bbox 705 598 807 661; x_wconf 90' lang='lat' dir='ltr'>vitata</span> <span class='ocrx_word' id='word_1_18' title='bbox 831 597 875 660; x_wconf 90' lang='lat' dir='ltr'>sit</span> <span class='ocrx_word' id='word_1_19' title='bbox 898 595 983 680; x_wconf 91' lang='lat' dir='ltr'>apud</span> <span class='ocrx_word' id='word_1_20' title='bbox 1007 594 1210 681; x_wconf 83' lang='lat' dir='ltr'>Sallustium,</span> <span class='ocrx_word' id='word_1_21' title='bbox 1232 596 1310 662; x_wconf 83' lang='lat' dir='ltr'>Vel-</span> 
     </span>
     <span class='ocr_line' id='line_1_4' title="bbox 86 702 1310 788; baseline 0 -20"><span class='ocrx_word' id='word_1_22' title='bbox 86 706 198 788; x_wconf 90' lang='lat' dir='ltr'>leium,</span> <span class='ocrx_word' id='word_1_23' title='bbox 232 703 380 768; x_wconf 87' lang='lat' dir='ltr'>Tacitum</span> <span class='ocrx_word' id='word_1_24' title='bbox 419 725 459 768; x_wconf 88' lang='lat' dir='ltr'>an</span> <span class='ocrx_word' id='word_1_25' title='bbox 497 702 646 768; x_wconf 88' lang='lat' dir='ltr'>admissa.</span> <span class='ocrx_word' id='word_1_26' title='bbox 698 725 734 767; x_wconf 88' lang='lat' dir='ltr'>ae</span> <span class='ocrx_word' id='word_1_27' title='bbox 767 702 991 788; x_wconf 85' lang='lat' dir='ltr'>repudiarunt,</span> <span class='ocrx_word' id='word_1_28' title='bbox 1030 703 1066 766; x_wconf 88' lang='lat' dir='ltr'>ni</span> <span class='ocrx_word' id='word_1_29' title='bbox 1102 705 1211 768; x_wconf 89' lang='lat' dir='ltr'>omnia</span> <span class='ocrx_word' id='word_1_30' title='bbox 1249 723 1310 768; x_wconf 90' lang='lat' dir='ltr'>nos</span> 
     </span>
     <span class='ocr_line' id='line_1_5' title="bbox 87 807 1310 894; baseline 0 -20"><span class='ocrx_word' id='word_1_31' title='bbox 87 812 220 894; x_wconf 87' lang='lat' dir='ltr'>fallunt,</span> <span class='ocrx_word' id='word_1_32' title='bbox 251 811 337 875; x_wconf 92' lang='lat' dir='ltr'>hunc</span> <span class='ocrx_word' id='word_1_33' title='bbox 369 833 463 874; x_wconf 88' lang='lat' dir='ltr'>usum</span> <span class='ocrx_word' id='word_1_34' title='bbox 497 809 669 893; x_wconf 81' lang='lat' dir='ltr'>scriptores</span> <span class='ocrx_word' id='word_1_35' title='bbox 704 809 767 891; x_wconf 91' lang='lat' dir='ltr'>illi,</span> <span class='ocrx_word' id='word_1_36' title='bbox 805 807 977 873; x_wconf 79' lang='lat' dir='ltr'>Sallustius</span> <span class='ocrx_word' id='word_1_37' title='bbox 1010 813 1043 874; x_wconf 90' lang='lat' dir='ltr'>et</span> <span class='ocrx_word' id='word_1_38' title='bbox 1069 809 1212 875; x_wconf 88' lang='lat' dir='ltr'>Velleius</span> <span class='ocrx_word' id='word_1_39' title='bbox 1244 832 1310 874; x_wconf 93' lang='lat' dir='ltr'>non</span> 
     </span>
     <span class='ocr_line' id='line_1_6' title="bbox 87 915 1310 1002; baseline -0.002 -21"><span class='ocrx_word' id='word_1_40' title='bbox 87 919 194 981; x_wconf 84' lang='lat' dir='ltr'>minus</span> <span class='ocrx_word' id='word_1_41' title='bbox 223 939 318 1002; x_wconf 81' lang='lat' dir='ltr'>quani</span> <span class='ocrx_word' id='word_1_42' title='bbox 341 916 482 982; x_wconf 82' lang='lat' dir='ltr'>Tacitus</span> <span class='ocrx_word' id='word_1_43' title='bbox 524 937 601 980; x_wconf 90' lang='lat' dir='ltr'>nam</span> <span class='ocrx_word' id='word_1_44' title='bbox 625 915 732 1000; x_wconf 79' lang='lat' dir='ltr'>Agric.</span> <span class='ocrx_word' id='word_1_45' title='bbox 756 917 797 980; x_wconf 81' lang='lat'>27</span> <span class='ocrx_word' id='word_1_46' title='bbox 822 916 993 980; x_wconf 83' lang='lat' dir='ltr'>lectionem</span> <span class='ocrx_word' id='word_1_47' title='bbox 1030 917 1310 1000; x_wconf 89' lang='lat' dir='ltr'>penetrandum</span> 
     </span>
     <span class='ocr_line' id='line_1_7' title="bbox 89 1023 1310 1108; baseline -0.001 -19"><span class='ocrx_word' id='word_1_48' title='bbox 89 1024 339 1089; x_wconf 82' lang='lat' dir='ltr'>Caledoniam</span> <span class='ocrx_word' id='word_1_49' title='bbox 364 1024 534 1108; x_wconf 90' lang='lat' dir='ltr'>quamdiu</span> <span class='ocrx_word' id='word_1_50' title='bbox 560 1023 697 1088; x_wconf 89' lang='lat' dir='ltr'>editores</span> <span class='ocrx_word' id='word_1_51' title='bbox 718 1023 856 1106; x_wconf 84' lang='lat' dir='ltr'>amplexi</span> <span class='ocrx_word' id='word_1_52' title='bbox 880 1028 955 1088; x_wconf 89' lang='lat' dir='ltr'>sunt</span> <span class='ocrx_word' id='word_1_53' title='bbox 977 1045 1043 1088; x_wconf 92' lang='lat' dir='ltr'>non</span> <span class='ocrx_word' id='word_1_54' title='bbox 1066 1027 1192 1088; x_wconf 88' lang='lat' dir='ltr'>tantam</span> <span class='ocrx_word' id='word_1_55' title='bbox 1216 1025 1310 1089; x_wconf 90' lang='lat' dir='ltr'>fidem</span> 
     </span>
     <span class='ocr_line' id='line_1_8' title="bbox 87 1128 1310 1215; baseline 0 -21"><span class='ocrx_word' id='word_1_56' title='bbox 87 1153 164 1214; x_wconf 89' lang='lat' dir='ltr'>prae</span> <span class='ocrx_word' id='word_1_57' title='bbox 189 1153 222 1194; x_wconf 93' lang='lat' dir='ltr'>se</span> <span class='ocrx_word' id='word_1_58' title='bbox 244 1131 341 1214; x_wconf 87' lang='lat' dir='ltr'>ferre,</span> <span class='ocrx_word' id='word_1_59' title='bbox 371 1153 467 1215; x_wconf 88' lang='lat' dir='ltr'>quam</span> <span class='ocrx_word' id='word_1_60' title='bbox 490 1131 660 1194; x_wconf 86' lang='lat' dir='ltr'>lectionem</span> <span class='ocrx_word' id='word_1_61' title='bbox 684 1130 965 1213; x_wconf 88' lang='lat' dir='ltr'>penetrandam</span> <span class='ocrx_word' id='word_1_62' title='bbox 989 1128 1241 1195; x_wconf 76' lang='lat' dir='ltr'>Caledoniam</span> <span class='ocrx_word' id='word_1_63' title='bbox 1265 1131 1310 1194; x_wconf 92' lang='lat' dir='ltr'>di-</span> 
     </span>
     <span class='ocr_line' id='line_1_9' title="bbox 87 1236 1312 1321; baseline 0 -21"><span class='ocrx_word' id='word_1_64' title='bbox 87 1238 190 1300; x_wconf 88' lang='lat' dir='ltr'>lucide</span> <span class='ocrx_word' id='word_1_65' title='bbox 208 1242 351 1320; x_wconf 88' lang='lat' dir='ltr'>apparet,</span> <span class='ocrx_word' id='word_1_66' title='bbox 362 1258 400 1300; x_wconf 87' lang='lat' dir='ltr'>ex</span> <span class='ocrx_word' id='word_1_67' title='bbox 411 1258 475 1321; x_wconf 89' lang='lat' dir='ltr'>quo</span> <span class='ocrx_word' id='word_1_68' title='bbox 485 1258 566 1320; x_wconf 90' lang='lat' dir='ltr'>quae</span> <span class='ocrx_word' id='word_1_69' title='bbox 577 1236 661 1301; x_wconf 90' lang='lat' dir='ltr'>ratio</span> <span class='ocrx_word' id='word_1_70' title='bbox 675 1237 759 1300; x_wconf 88' lang='lat' dir='ltr'>inter</span> <span class='ocrx_word' id='word_1_71' title='bbox 768 1237 869 1301; x_wconf 90' lang='lat' dir='ltr'>libros</span> <span class='ocrx_word' id='word_1_72' title='bbox 883 1238 1120 1321; x_wconf 89' lang='lat' dir='ltr'>manuscriptos</span> <span class='ocrx_word' id='word_1_73' title='bbox 1135 1237 1312 1302; x_wconf 85' lang='lat' dir='ltr'>intercedat</span> 
     </span>
     <span class='ocr_line' id='line_1_10' title="bbox 88 1342 1310 1428; baseline 0.002 -22"><span class='ocrx_word' id='word_1_74' title='bbox 88 1343 253 1427; x_wconf 81' lang='lat' dir='ltr'>cognitum</span> <span class='ocrx_word' id='word_1_75' title='bbox 277 1348 335 1408; x_wconf 90' lang='lat' dir='ltr'>est.</span> <span class='ocrx_word' id='word_1_76' title='bbox 373 1364 477 1428; x_wconf 90' lang='lat' dir='ltr'>neque</span> <span class='ocrx_word' id='word_1_77' title='bbox 505 1342 591 1426; x_wconf 91' lang='lat' dir='ltr'>apud</span> <span class='ocrx_word' id='word_1_78' title='bbox 619 1346 741 1408; x_wconf 91' lang='lat' dir='ltr'>ceteros</span> <span class='ocrx_word' id='word_1_79' title='bbox 771 1344 944 1427; x_wconf 90' lang='lat' dir='ltr'>scriptores</span> <span class='ocrx_word' id='word_1_80' title='bbox 972 1343 1030 1406; x_wconf 92' lang='lat' dir='ltr'>illa</span> <span class='ocrx_word' id='word_1_81' title='bbox 1061 1346 1222 1408; x_wconf 89' lang='lat' dir='ltr'>structura</span> <span class='ocrx_word' id='word_1_82' title='bbox 1251 1367 1310 1408; x_wconf 87' lang='lat' dir='ltr'>usu</span> 
     </span>
     <span class='ocr_line' id='line_1_11' title="bbox 88 1447 1310 1535; baseline 0 -21"><span class='ocrx_word' id='word_1_83' title='bbox 88 1451 213 1514; x_wconf 89' lang='lat' dir='ltr'>venisse</span> <span class='ocrx_word' id='word_1_84' title='bbox 233 1450 368 1514; x_wconf 86' lang='lat' dir='ltr'>videtur.</span> <span class='ocrx_word' id='word_1_85' title='bbox 405 1447 569 1513; x_wconf 79' lang='lat' dir='ltr'>Ciceronis</span> <span class='ocrx_word' id='word_1_86' title='bbox 589 1453 673 1513; x_wconf 87' lang='lat' dir='ltr'>certe</span> <span class='ocrx_word' id='word_1_87' title='bbox 693 1450 756 1514; x_wconf 90' lang='lat' dir='ltr'>loci</span> <span class='ocrx_word' id='word_1_88' title='bbox 775 1472 841 1514; x_wconf 90' lang='lat' dir='ltr'>non</span> <span class='ocrx_word' id='word_1_89' title='bbox 861 1450 955 1514; x_wconf 90' lang='lat' dir='ltr'>aliter</span> <span class='ocrx_word' id='word_1_90' title='bbox 974 1471 1043 1515; x_wconf 89' lang='lat' dir='ltr'>sese</span> <span class='ocrx_word' id='word_1_91' title='bbox 1061 1450 1193 1534; x_wconf 89' lang='lat' dir='ltr'>habent,</span> <span class='ocrx_word' id='word_1_92' title='bbox 1214 1473 1310 1535; x_wconf 88' lang='lat' dir='ltr'>quam</span> 
     </span>
     <span class='ocr_line' id='line_1_12' title="bbox 90 1556 1312 1642; baseline 0.002 -23"><span class='ocrx_word' id='word_1_93' title='bbox 90 1556 190 1622; x_wconf 81' lang='lat' dir='ltr'>Tacit.</span> <span class='ocrx_word' id='word_1_94' title='bbox 209 1557 318 1641; x_wconf 76' lang='lat' dir='ltr'>Agris.</span> <span class='ocrx_word' id='word_1_95' title='bbox 333 1558 392 1620; x_wconf 74' lang='lat'>27:</span> <span class='ocrx_word' id='word_1_96' title='bbox 412 1558 533 1621; x_wconf 90' lang='lat' dir='ltr'>maiore</span> <span class='ocrx_word' id='word_1_97' title='bbox 553 1557 766 1642; x_wconf 80' lang='lat' dir='ltr'>ambiguitate</span> <span class='ocrx_word' id='word_1_98' title='bbox 785 1558 943 1639; x_wconf 90' lang='lat' dir='ltr'>laborant,</span> <span class='ocrx_word' id='word_1_99' title='bbox 967 1580 1064 1641; x_wconf 88' lang='lat' dir='ltr'>quam</span> <span class='ocrx_word' id='word_1_100' title='bbox 1084 1560 1120 1621; x_wconf 90' lang='lat' dir='ltr'>ut</span> <span class='ocrx_word' id='word_1_101' title='bbox 1137 1557 1176 1621; x_wconf 88' lang='lat' dir='ltr'>ad</span> <span class='ocrx_word' id='word_1_102' title='bbox 1192 1561 1312 1622; x_wconf 88' lang='lat' dir='ltr'>certam</span> 
     </span>
     <span class='ocr_line' id='line_1_13' title="bbox 89 1664 1090 1747; baseline 0 -19"><span class='ocrx_word' id='word_1_103' title='bbox 89 1665 250 1747; x_wconf 89' lang='lat' dir='ltr'>quandam</span> <span class='ocrx_word' id='word_1_104' title='bbox 273 1684 419 1728; x_wconf 90' lang='lat' dir='ltr'>normam</span> <span class='ocrx_word' id='word_1_105' title='bbox 443 1664 511 1747; x_wconf 88' lang='lat' dir='ltr'>apti</span> <span class='ocrx_word' id='word_1_106' title='bbox 536 1685 606 1729; x_wconf 89' lang='lat' dir='ltr'>csse</span> <span class='ocrx_word' id='word_1_107' title='bbox 629 1665 798 1728; x_wconf 85' lang='lat' dir='ltr'>videantur</span> <span class='ocrx_word' id='word_1_108' title='bbox 821 1665 1090 1729; x_wconf 86' lang='lat' dir='ltr'>constituendam.</span> 
     </span>
    </p>
   </div>
   <div class='ocr_carea' id='block_1_3' title="bbox 652 1861 747 1942">
    <p class='ocr_par' dir='ltr' id='par_1_3' title="bbox 652 1861 747 1942">
     <span class='ocr_line' id='line_1_14' title="bbox 652 1861 747 1942; baseline 0.011 -18"><span class='ocrx_word' id='word_1_109' title='bbox 652 1863 671 1942; x_wconf 72' lang='lat' dir='ltr'>s</span> <span class='ocrx_word' id='word_1_110' title='bbox 697 1861 747 1925; x_wconf 87' lang='lat'>13.</span> 
     </span>
    </p>
   </div>
   <div class='ocr_carea' id='block_1_4' title="bbox 561 1994 837 2050">
    <p class='ocr_par' dir='ltr' id='par_1_4' title="bbox 561 1994 837 2050">
     <span class='ocr_line' id='line_1_15' title="bbox 561 1994 837 2050; baseline -0.004 -1"><span class='ocrx_word' id='word_1_111' title='bbox 561 1995 611 2050; x_wconf 87' lang='lat' dir='ltr'>Dc</span> <span class='ocrx_word' id='word_1_112' title='bbox 634 1994 837 2050; x_wconf 84' lang='lat' dir='ltr'>accusativo.</span> 
     </span>
    </p>
   </div>
   <div class='ocr_carea' id='block_1_5' title="bbox 88 2101 1313 3580">
    <p class='ocr_par' dir='ltr' id='par_1_5' title="bbox 88 2101 1313 3455">
     <span class='ocr_line' id='line_1_16' title="bbox 179 2101 1313 2194; baseline 0.003 -23"><span class='ocrx_word' id='word_1_113' title='bbox 179 2101 282 2191; x_wconf 86' lang='lat' dir='ltr'>Supra</span> <span class='ocrx_word' id='word_1_114' title='bbox 306 2105 340 2193; x_wconf 66' lang='grc' dir='ltr'>(ξ</span> <span class='ocrx_word' id='word_1_115' title='bbox 363 2109 401 2172; x_wconf 88' lang='grc'>11</span> <span class='ocrx_word' id='word_1_116' title='bbox 427 2112 460 2172; x_wconf 89' lang='lat' dir='ltr'>et</span> <span class='ocrx_word' id='word_1_117' title='bbox 481 2105 536 2194; x_wconf 80' lang='lat'>12)</span> <span class='ocrx_word' id='word_1_118' title='bbox 561 2110 742 2193; x_wconf 88' lang='lat' dir='ltr'>expositum</span> <span class='ocrx_word' id='word_1_119' title='bbox 766 2113 816 2174; x_wconf 89' lang='lat' dir='ltr'>est</span> <span class='ocrx_word' id='word_1_120' title='bbox 835 2110 1047 2194; x_wconf 85' lang='lat' dir='ltr'>participium</span> <span class='ocrx_word' id='word_1_121' title='bbox 1071 2109 1204 2193; x_wconf 85' lang='lat' dir='ltr'>perfecti</span> <span class='ocrx_word' id='word_1_122' title='bbox 1227 2131 1313 2194; x_wconf 77' lang='lat' dir='ltr'>pase.</span> 
     </span>
     <span class='ocr_line' id='line_1_17' title="bbox 91 2213 1312 2310; baseline 0.002 -32"><span class='ocrx_word' id='word_1_123' title='bbox 91 2213 211 2302; x_wconf 86' lang='lat' dir='ltr'>(rarius</span> <span class='ocrx_word' id='word_1_124' title='bbox 227 2214 323 2278; x_wconf 90' lang='lat' dir='ltr'>etiam</span> <span class='ocrx_word' id='word_1_125' title='bbox 343 2214 539 2302; x_wconf 88' lang='lat' dir='ltr'>praesentis)</span> <span class='ocrx_word' id='word_1_126' title='bbox 559 2239 630 2282; x_wconf 91' lang='lat' dir='ltr'>curn</span> <span class='ocrx_word' id='word_1_127' title='bbox 651 2218 853 2310; x_wconf 77' lang='lat' dir='ltr'>substantivo</span> <span class='ocrx_word' id='word_1_128' title='bbox 869 2218 1074 2282; x_wconf 90' lang='lat' dir='ltr'>coniunctum</span> <span class='ocrx_word' id='word_1_129' title='bbox 1094 2215 1178 2282; x_wconf 91' lang='lat' dir='ltr'>idem</span> <span class='ocrx_word' id='word_1_130' title='bbox 1197 2218 1312 2300; x_wconf 86' lang='lat' dir='ltr'>valere,</span> 
     </span>
     <span class='ocr_line' id='line_1_18' title="bbox 91 2323 1312 2408; baseline 0.002 -23"><span class='ocrx_word' id='word_1_131' title='bbox 91 2323 174 2406; x_wconf 92' lang='lat' dir='ltr'>quod</span> <span class='ocrx_word' id='word_1_132' title='bbox 193 2343 313 2386; x_wconf 89' lang='lat' dir='ltr'>nomen</span> <span class='ocrx_word' id='word_1_133' title='bbox 333 2323 541 2388; x_wconf 87' lang='lat' dir='ltr'>abstractum.</span> <span class='ocrx_word' id='word_1_134' title='bbox 574 2323 629 2387; x_wconf 89' lang='lat' dir='ltr'>sed</span> <span class='ocrx_word' id='word_1_135' title='bbox 648 2345 714 2388; x_wconf 90' lang='lat' dir='ltr'>non</span> <span class='ocrx_word' id='word_1_136' title='bbox 733 2324 802 2387; x_wconf 90' lang='lat' dir='ltr'>sola</span> <span class='ocrx_word' id='word_1_137' title='bbox 820 2324 899 2388; x_wconf 90' lang='lat' dir='ltr'>haee</span> <span class='ocrx_word' id='word_1_138' title='bbox 915 2325 1086 2408; x_wconf 89' lang='lat' dir='ltr'>participia</span> <span class='ocrx_word' id='word_1_139' title='bbox 1104 2325 1161 2388; x_wconf 88' lang='lat' dir='ltr'>tali</span> <span class='ocrx_word' id='word_1_140' title='bbox 1177 2325 1312 2388; x_wconf 89' lang='lat' dir='ltr'>circum-</span> 
     </span>
     <span class='ocr_line' id='line_1_19' title="bbox 90 2428 1312 2514; baseline 0.001 -21"><span class='ocrx_word' id='word_1_141' title='bbox 90 2428 266 2512; x_wconf 88' lang='lat' dir='ltr'>scriptioni</span> <span class='ocrx_word' id='word_1_142' title='bbox 289 2428 481 2512; x_wconf 90' lang='lat' dir='ltr'>inserviunt,</span> <span class='ocrx_word' id='word_1_143' title='bbox 514 2430 591 2514; x_wconf 91' lang='lat' dir='ltr'>quia</span> <span class='ocrx_word' id='word_1_144' title='bbox 619 2430 716 2494; x_wconf 87' lang='lat' dir='ltr'>etiam</span> <span class='ocrx_word' id='word_1_145' title='bbox 745 2429 958 2514; x_wconf 85' lang='lat' dir='ltr'>gerundivum</span> <span class='ocrx_word' id='word_1_146' title='bbox 990 2451 1063 2494; x_wconf 90' lang='lat' dir='ltr'>cum</span> <span class='ocrx_word' id='word_1_147' title='bbox 1097 2431 1312 2514; x_wconf 89' lang='lat' dir='ltr'>substantivo,</span> 
     </span>
     <span class='ocr_line' id='line_1_20' title="bbox 89 2536 1313 2621; baseline 0 -20"><span class='ocrx_word' id='word_1_148' title='bbox 89 2536 280 2621; x_wconf 88' lang='lat' dir='ltr'>praesertim</span> <span class='ocrx_word' id='word_1_149' title='bbox 309 2558 382 2599; x_wconf 89' lang='lat' dir='ltr'>cum</span> <span class='ocrx_word' id='word_1_150' title='bbox 406 2559 424 2599; x_wconf 88' lang='lat' dir='ltr'>a</span> <span class='ocrx_word' id='word_1_151' title='bbox 451 2537 691 2621; x_wconf 87' lang='lat' dir='ltr'>praepositione</span> <span class='ocrx_word' id='word_1_152' title='bbox 719 2537 873 2619; x_wconf 87' lang='lat' dir='ltr'>pendeat,</span> <span class='ocrx_word' id='word_1_153' title='bbox 901 2558 959 2619; x_wconf 91' lang='lat' dir='ltr'>pro</span> <span class='ocrx_word' id='word_1_154' title='bbox 989 2539 1120 2600; x_wconf 89' lang='lat' dir='ltr'>nornine</span> <span class='ocrx_word' id='word_1_155' title='bbox 1149 2537 1313 2602; x_wconf 89' lang='lat' dir='ltr'>abstracto</span> 
     </span>
     <span class='ocr_line' id='line_1_21' title="bbox 89 2636 1311 2728; baseline 0 -21"><span class='ocrx_word' id='word_1_156' title='bbox 89 2666 158 2708; x_wconf 89' lang='lat' dir='ltr'>esse</span> <span class='ocrx_word' id='word_1_157' title='bbox 181 2646 298 2728; x_wconf 90' lang='lat' dir='ltr'>potest.</span> <span class='ocrx_word' id='word_1_158' title='bbox 332 2665 432 2707; x_wconf 91' lang='lat' dir='ltr'>unum</span> <span class='ocrx_word' id='word_1_159' title='bbox 454 2643 534 2707; x_wconf 91' lang='lat' dir='ltr'>illud</span> <span class='ocrx_word' id='word_1_160' title='bbox 557 2643 692 2707; x_wconf 92' lang='lat' dir='ltr'>interest</span> <span class='ocrx_word' id='word_1_161' title='bbox 714 2643 800 2724; x_wconf 85' lang='lat' dir='ltr'>inter</span> <span class='ocrx_word' id='word_1_162' title='bbox 821 2643 906 2707; x_wconf 90' lang='lat' dir='ltr'>hanc</span> <span class='ocrx_word' id='word_1_163' title='bbox 930 2636 1081 2727; x_wconf 89' lang='lat' dir='ltr'>illamque</span> <span class='ocrx_word' id='word_1_164' title='bbox 1106 2646 1311 2727; x_wconf 89' lang='lat' dir='ltr'>structuram,</span> 
     </span>
     <span class='ocr_line' id='line_1_22' title="bbox 90 2749 1313 2836; baseline -0.001 -21"><span class='ocrx_word' id='word_1_165' title='bbox 90 2750 174 2836; x_wconf 91' lang='lat' dir='ltr'>quod</span> <span class='ocrx_word' id='word_1_166' title='bbox 198 2751 232 2814; x_wconf 89' lang='lat' dir='ltr'>in</span> <span class='ocrx_word' id='word_1_167' title='bbox 256 2750 312 2813; x_wconf 90' lang='lat' dir='ltr'>illa</span> <span class='ocrx_word' id='word_1_168' title='bbox 335 2750 373 2814; x_wconf 92' lang='lat' dir='ltr'>de</span> <span class='ocrx_word' id='word_1_169' title='bbox 397 2771 430 2814; x_wconf 89' lang='lat' dir='ltr'>re</span> <span class='ocrx_word' id='word_1_170' title='bbox 454 2750 541 2814; x_wconf 86' lang='lat' dir='ltr'>facta</span> <span class='ocrx_word' id='word_1_171' title='bbox 563 2750 614 2813; x_wconf 83' lang='lat' dir='ltr'>vel</span> <span class='ocrx_word' id='word_1_172' title='bbox 636 2749 800 2833; x_wconf 91' lang='lat' dir='ltr'>praesenti</span> <span class='ocrx_word' id='word_1_173' title='bbox 824 2749 944 2834; x_wconf 81' lang='lat' dir='ltr'>agitur,</span> <span class='ocrx_word' id='word_1_174' title='bbox 972 2749 1024 2814; x_wconf 89' lang='lat' dir='ltr'>hio</span> <span class='ocrx_word' id='word_1_175' title='bbox 1055 2750 1093 2813; x_wconf 91' lang='lat' dir='ltr'>de</span> <span class='ocrx_word' id='word_1_176' title='bbox 1121 2749 1246 2829; x_wconf 88' lang='lat' dir='ltr'>futura,</span> <span class='ocrx_word' id='word_1_177' title='bbox 1275 2751 1313 2814; x_wconf 93' lang='lat' dir='ltr'>de</span> 
     </span>
     <span class='ocr_line' id='line_1_23' title="bbox 88 2855 1312 2940; baseline 0 -20"><span class='ocrx_word' id='word_1_178' title='bbox 88 2857 246 2922; x_wconf 87' lang='lat' dir='ltr'>facienda.</span> <span class='ocrx_word' id='word_1_179' title='bbox 281 2877 342 2933; x_wconf 90' lang='lat' dir='ltr'>nos</span> <span class='ocrx_word' id='word_1_180' title='bbox 362 2861 470 2920; x_wconf 90' lang='lat' dir='ltr'>autem</span> <span class='ocrx_word' id='word_1_181' title='bbox 493 2856 527 2920; x_wconf 91' lang='lat' dir='ltr'>in</span> <span class='ocrx_word' id='word_1_182' title='bbox 550 2859 663 2920; x_wconf 89' lang='lat' dir='ltr'>nostra</span> <span class='ocrx_word' id='word_1_183' title='bbox 686 2856 799 2940; x_wconf 85' lang='lat' dir='ltr'>lingua</span> <span class='ocrx_word' id='word_1_184' title='bbox 817 2856 1031 2920; x_wconf 89' lang='lat' dir='ltr'>substantivis</span> <span class='ocrx_word' id='word_1_185' title='bbox 1055 2855 1116 2921; x_wconf 90' lang='lat' dir='ltr'>hoc</span> <span class='ocrx_word' id='word_1_186' title='bbox 1139 2857 1312 2921; x_wconf 90' lang='lat' dir='ltr'>discrimen</span> 
     </span>
     <span class='ocr_line' id='line_1_24' title="bbox 89 2961 1311 3049; baseline -0.001 -21"><span class='ocrx_word' id='word_1_187' title='bbox 89 2986 156 3028; x_wconf 92' lang='lat' dir='ltr'>non</span> <span class='ocrx_word' id='word_1_188' title='bbox 181 2985 306 3047; x_wconf 90' lang='lat' dir='ltr'>semper</span> <span class='ocrx_word' id='word_1_189' title='bbox 333 2963 525 3046; x_wconf 79' lang='lat' dir='ltr'>indicamus3</span> <span class='ocrx_word' id='word_1_190' title='bbox 552 2963 586 3026; x_wconf 90' lang='lat' dir='ltr'>in</span> <span class='ocrx_word' id='word_1_191' title='bbox 614 2961 733 3026; x_wconf 87' lang='lat' dir='ltr'>Latina</span> <span class='ocrx_word' id='word_1_192' title='bbox 761 2983 855 3046; x_wconf 90' lang='lat' dir='ltr'>saepe</span> <span class='ocrx_word' id='word_1_193' title='bbox 883 2983 1002 3026; x_wconf 91' lang='lat' dir='ltr'>nornen</span> <span class='ocrx_word' id='word_1_194' title='bbox 1031 2962 1229 3027; x_wconf 88' lang='lat' dir='ltr'>abstractum</span> <span class='ocrx_word' id='word_1_195' title='bbox 1258 2983 1311 3049; x_wconf 84' lang='lat' dir='ltr'>ge-</span> 
     </span>
     <span class='ocr_line' id='line_1_25' title="bbox 90 3068 1308 3153; baseline 0.002 -20"><span class='ocrx_word' id='word_1_196' title='bbox 90 3071 226 3134; x_wconf 89' lang='lat' dir='ltr'>rundivo</span> <span class='ocrx_word' id='word_1_197' title='bbox 258 3092 329 3135; x_wconf 93' lang='lat' dir='ltr'>cum</span> <span class='ocrx_word' id='word_1_198' title='bbox 358 3068 562 3134; x_wconf 86' lang='lat' dir='ltr'>substantivo</span> <span class='ocrx_word' id='word_1_199' title='bbox 593 3090 651 3133; x_wconf 91' lang='lat' dir='ltr'>suo</span> <span class='ocrx_word' id='word_1_200' title='bbox 680 3069 827 3153; x_wconf 90' lang='lat' dir='ltr'>supplere</span> <span class='ocrx_word' id='word_1_201' title='bbox 856 3090 1027 3152; x_wconf 88' lang='lat' dir='ltr'>possumus</span> <span class='ocrx_word' id='word_1_202' title='bbox 1058 3071 1149 3134; x_wconf 87' lang='lat' dir='ltr'>velut</span> <span class='ocrx_word' id='word_1_203' title='bbox 1177 3071 1203 3135; x_wconf 91' lang='lat' dir='ltr'>si</span> <span class='ocrx_word' id='word_1_204' title='bbox 1237 3070 1308 3135; x_wconf 88' lang='lat' dir='ltr'>dico</span> 
     </span>
     <span class='ocr_line' id='line_1_26' title="bbox 90 3168 1313 3241; baseline 0.001 -1"><span class='ocrx_word' id='word_1_205' title='bbox 90 3177 135 3240; x_wconf 89' lang='lat' dir='ltr'>ad</span> <span class='ocrx_word' id='word_1_206' title='bbox 163 3175 441 3240; x_wconf 83' lang='lat' dir='ltr'>defendendam</span> <span class='ocrx_word' id='word_1_207' title='bbox 467 3175 598 3238; x_wconf 90' lang='lat' dir='ltr'>urbem</span> <span class='ocrx_word' id='word_1_208' title='bbox 627 3168 773 3238; x_wconf 87' lang='lat' dir='ltr'>milites</span> <span class='ocrx_word' id='word_1_209' title='bbox 801 3176 931 3240; x_wconf 89' lang='lat' dir='ltr'>relicti</span> <span class='ocrx_word' id='word_1_210' title='bbox 960 3181 1050 3240; x_wconf 91' lang='lat' dir='ltr'>sunt</span> <span class='ocrx_word' id='word_1_211' title='bbox 1078 3177 1144 3241; x_wconf 90' lang='lat' dir='ltr'>sive</span> <span class='ocrx_word' id='word_1_212' title='bbox 1174 3177 1222 3241; x_wconf 91' lang='lat' dir='ltr'>ad</span> <span class='ocrx_word' id='word_1_213' title='bbox 1249 3177 1313 3241; x_wconf 93' lang='lat' dir='ltr'>de-</span> 
     </span>
     <span class='ocr_line' id='line_1_27' title="bbox 89 3282 1311 3368; baseline 0.002 -22"><span class='ocrx_word' id='word_1_214' title='bbox 89 3283 305 3349; x_wconf 89' lang='lat' dir='ltr'>fensionem</span> <span class='ocrx_word' id='word_1_215' title='bbox 332 3282 448 3347; x_wconf 88' lang='lat' dir='ltr'>urbis.</span> <span class='ocrx_word' id='word_1_216' title='bbox 488 3282 541 3346; x_wconf 89' lang='lat' dir='ltr'>hio</span> <span class='ocrx_word' id='word_1_217' title='bbox 563 3305 640 3346; x_wconf 88' lang='lat' dir='ltr'>usus</span> <span class='ocrx_word' id='word_1_218' title='bbox 668 3303 735 3347; x_wconf 91' lang='lat' dir='ltr'>non</span> <span class='ocrx_word' id='word_1_219' title='bbox 762 3282 927 3347; x_wconf 87' lang='lat' dir='ltr'>invenitur</span> <span class='ocrx_word' id='word_1_220' title='bbox 953 3283 1016 3348; x_wconf 88' lang='lat' dir='ltr'>nisi</span> <span class='ocrx_word' id='word_1_221' title='bbox 1043 3287 1119 3367; x_wconf 89' lang='lat' dir='ltr'>post</span> <span class='ocrx_word' id='word_1_222' title='bbox 1147 3285 1311 3368; x_wconf 89' lang='lat' dir='ltr'>praeposi·</span> 
     </span>
     <span class='ocr_line' id='line_1_28' title="bbox 89 3392 205 3455; baseline 0.009 -2"><span class='ocrx_word' id='word_1_223' title='bbox 89 3392 205 3455; x_wconf 90' lang='lat' dir='ltr'>tiones.</span> 
     </span>
    </p>

    <p class='ocr_par' dir='ltr' id='par_1_6' title="bbox 178 3495 550 3580">
     <span class='ocr_line' id='line_1_29' title="bbox 178 3495 550 3580; baseline -0.008 -18"><span class='ocrx_word' id='word_1_224' title='bbox 178 3495 269 3562; x_wconf 89' lang='lat' dir='ltr'>Haec</span> <span class='ocrx_word' id='word_1_225' title='bbox 293 3500 369 3561; x_wconf 94' lang='lat' dir='ltr'>sunt</span> <span class='ocrx_word' id='word_1_226' title='bbox 392 3497 550 3580; x_wconf 83' lang='lat' dir='ltr'>exempla:</span> 
     </span>
    </p>
   </div>
   <div class='ocr_carea' id='block_1_6' title="bbox 547 3617 933 3687">
    <p class='ocr_par' dir='ltr' id='par_1_7' title="bbox 547 3617 933 3687">
     <span class='ocr_line' id='line_1_30' title="bbox 547 3617 933 3687; baseline 0.005 -16"><span class='ocrx_word' id='word_1_227' title='bbox 547 3618 574 3673; x_wconf 94' lang='grc' dir='ltr'>Ι.</span> <span class='ocrx_word' id='word_1_228' title='bbox 599 3618 640 3672; x_wconf 87' lang='lat' dir='ltr'>ad</span> <span class='ocrx_word' id='word_1_229' title='bbox 657 3617 856 3687; x_wconf 81' lang='lat' dir='ltr'>praepositio.</span> <span class='ocrx_word' id='word_1_230' title='bbox 930 3623 933 3638; x_wconf 83' lang='lat'><em>&#39;</em></span> 
     </span>
    </p>
   </div>
   <div class='ocr_carea' id='block_1_7' title="bbox 88 3727 1315 4351">
    <p class='ocr_par' dir='ltr' id='par_1_8' title="bbox 88 3727 1315 4351">
     <span class='ocr_line' id='line_1_31' title="bbox 179 3727 1311 3810; baseline 0.002 -17"><span class='ocrx_word' id='word_1_231' title='bbox 179 3728 253 3793; x_wconf 84' lang='lat' dir='ltr'>Tac.</span> <span class='ocrx_word' id='word_1_232' title='bbox 278 3751 350 3793; x_wconf 89' lang='lat' dir='ltr'>ann.</span> <span class='ocrx_word' id='word_1_233' title='bbox 373 3728 402 3808; x_wconf 88' lang='lat' dir='ltr'>I,</span> <span class='ocrx_word' id='word_1_234' title='bbox 422 3728 442 3793; x_wconf 85' lang='lat'>5</span> <span class='ocrx_word' id='word_1_235' title='bbox 465 3729 586 3793; x_wconf 80' lang='lat' dir='ltr'>Rumor</span> <span class='ocrx_word' id='word_1_236' title='bbox 607 3728 771 3793; x_wconf 76' lang='lat' dir='ltr'>incesserat</span> <span class='ocrx_word' id='word_1_237' title='bbox 792 3727 969 3810; x_wconf 76' lang='lat' dir='ltr'>Aipasium</span> <span class='ocrx_word' id='word_1_238' title='bbox 986 3727 1174 3793; x_wconf 80' lang='lat' dir='ltr'>Planesium</span> <span class='ocrx_word' id='word_1_239' title='bbox 1196 3735 1311 3795; x_wconf 81' lang='lat' dir='ltr'>accium</span> 
     </span>
     <span class='ocr_line' id='line_1_32' title="bbox 90 3835 1313 3921; baseline 0.003 -22"><span class='ocrx_word' id='word_1_240' title='bbox 90 3838 133 3900; x_wconf 86' lang='lat' dir='ltr'>cd</span> <span class='ocrx_word' id='word_1_241' title='bbox 154 3837 314 3901; x_wconf 59' lang='lat' dir='ltr'>naiadum</span> <span class='ocrx_word' id='word_1_242' title='bbox 335 3836 520 3919; x_wconf 78' lang='lat' dir='ltr'>Apripporrr.</span> <span class='ocrx_word' id='word_1_243' title='bbox 556 3835 602 3921; x_wconf 93' lang='lat' dir='ltr'>II,</span> <span class='ocrx_word' id='word_1_244' title='bbox 617 3836 660 3900; x_wconf 82' lang='lat'>43</span> <span class='ocrx_word' id='word_1_245' title='bbox 684 3837 727 3900; x_wconf 88' lang='lat' dir='ltr'>od</span> <span class='ocrx_word' id='word_1_246' title='bbox 748 3857 814 3918; x_wconf 83' lang='lat' dir='ltr'>spes</span> <span class='ocrx_word' id='word_1_247' title='bbox 838 3835 1018 3900; x_wconf 81' lang='lat' dir='ltr'>Germanici</span> <span class='ocrx_word' id='word_1_248' title='bbox 1039 3838 1223 3903; x_wconf 69' lang='lat' dir='ltr'>coercendos.</span> <span class='ocrx_word' id='word_1_249' title='bbox 1255 3837 1313 3917; x_wconf 88' lang='lat' dir='ltr'>III,</span> 
     </span>
     <span class='ocr_line' id='line_1_33' title="bbox 91 3940 1315 4028; baseline 0.003 -22"><span class='ocrx_word' id='word_1_250' title='bbox 91 3945 134 4006; x_wconf 85' lang='lat'>30</span> <span class='ocrx_word' id='word_1_251' title='bbox 158 3963 347 4025; x_wconf 80' lang='lat' dir='ltr'>quemquern</span> <span class='ocrx_word' id='word_1_252' title='bbox 366 3948 508 4026; x_wconf 80' lang='lat' dir='ltr'>prompto</span> <span class='ocrx_word' id='word_1_253' title='bbox 531 3943 574 4006; x_wconf 85' lang='lat' dir='ltr'>ad</span> <span class='ocrx_word' id='word_1_254' title='bbox 594 3945 788 4024; x_wconf 81' lang='lat' dir='ltr'>capessendos</span> <span class='ocrx_word' id='word_1_255' title='bbox 810 3943 937 4008; x_wconf 78' lang='lat' dir='ltr'>horores</span> <span class='ocrx_word' id='word_1_256' title='bbox 960 3944 1057 4007; x_wconf 83' lang='lat' dir='ltr'>aditu.</span> <span class='ocrx_word' id='word_1_257' title='bbox 1103 3940 1166 4025; x_wconf 85' lang='lat' dir='ltr'>Ill,</span> <span class='ocrx_word' id='word_1_258' title='bbox 1186 3945 1227 4009; x_wconf 84' lang='lat'>39</span> <span class='ocrx_word' id='word_1_259' title='bbox 1251 3948 1315 4028; x_wconf 81' lang='lat' dir='ltr'>ipsc</span> 
     </span>
     <span class='ocr_line' id='line_1_34' title="bbox 90 4049 1314 4134; baseline 0.003 -22"><span class='ocrx_word' id='word_1_260' title='bbox 90 4051 183 4115; x_wconf 83' lang='lat' dir='ltr'>robur</span> <span class='ocrx_word' id='word_1_261' title='bbox 195 4051 336 4132; x_wconf 79' lang='lat' dir='ltr'>peditum</span> <span class='ocrx_word' id='word_1_262' title='bbox 349 4051 392 4115; x_wconf 84' lang='lat' dir='ltr'>od</span> <span class='ocrx_word' id='word_1_263' title='bbox 408 4050 620 4114; x_wconf 75' lang='lat' dir='ltr'>exsolvendum</span> <span class='ocrx_word' id='word_1_264' title='bbox 639 4051 789 4116; x_wconf 81' lang='lat' dir='ltr'>obsidium</span> <span class='ocrx_word' id='word_1_265' title='bbox 803 4052 893 4114; x_wconf 83' lang='lat' dir='ltr'>ducii.</span> <span class='ocrx_word' id='word_1_266' title='bbox 925 4049 982 4134; x_wconf 89' lang='lat' dir='ltr'>IV,</span> <span class='ocrx_word' id='word_1_267' title='bbox 1000 4051 1039 4115; x_wconf 87' lang='grc'>16</span> <span class='ocrx_word' id='word_1_268' title='bbox 1053 4053 1228 4133; x_wconf 81' lang='lat' dir='ltr'>promptior</span> <span class='ocrx_word' id='word_1_269' title='bbox 1245 4053 1314 4116; x_wconf 81' lang='lat' dir='ltr'>orii·</span> 
     </span>
     <span class='ocr_line' id='line_1_35' title="bbox 91 4156 1314 4241; baseline 0.002 -21"><span class='ocrx_word' id='word_1_270' title='bbox 91 4179 160 4222; x_wconf 81' lang='lat' dir='ltr'>raus</span> <span class='ocrx_word' id='word_1_271' title='bbox 181 4158 262 4237; x_wconf 83' lang='lat' dir='ltr'>foret</span> <span class='ocrx_word' id='word_1_272' title='bbox 284 4159 327 4221; x_wconf 84' lang='lat' dir='ltr'>cd</span> <span class='ocrx_word' id='word_1_273' title='bbox 347 4158 544 4240; x_wconf 76' lang='lat' dir='ltr'>capessendus</span> <span class='ocrx_word' id='word_1_274' title='bbox 562 4159 775 4222; x_wconf 76' lang='lat' dir='ltr'>coeremonias.</span> <span class='ocrx_word' id='word_1_275' title='bbox 816 4156 905 4241; x_wconf 89' lang='lat' dir='ltr'>XIV,</span> <span class='ocrx_word' id='word_1_276' title='bbox 928 4158 971 4222; x_wconf 77' lang='lat'>26</span> <span class='ocrx_word' id='word_1_277' title='bbox 999 4160 1043 4222; x_wconf 87' lang='lat' dir='ltr'>cd</span> <span class='ocrx_word' id='word_1_278' title='bbox 1062 4160 1238 4240; x_wconf 77' lang='lat' dir='ltr'>occupanda</span> <span class='ocrx_word' id='word_1_279' title='bbox 1263 4160 1314 4223; x_wconf 79' lang='lat' dir='ltr'>Ti-</span> 
     </span>
     <span class='ocr_line' id='line_1_36' title="bbox 88 4263 1314 4351; baseline 0.001 -24"><span class='ocrx_word' id='word_1_280' title='bbox 88 4269 278 4347; x_wconf 75' lang='lat' dir='ltr'>prcricoerta</span> <span class='ocrx_word' id='word_1_281' title='bbox 319 4263 443 4348; x_wconf 80' lang='lat'>111,49</span> <span class='ocrx_word' id='word_1_282' title='bbox 468 4266 571 4329; x_wconf 84' lang='lat' dir='ltr'>ceteris</span> <span class='ocrx_word' id='word_1_283' title='bbox 594 4266 637 4328; x_wconf 85' lang='lat' dir='ltr'>ud</span> <span class='ocrx_word' id='word_1_284' title='bbox 658 4266 818 4329; x_wconf 74' lang='lat' dir='ltr'>dicendane</span> <span class='ocrx_word' id='word_1_285' title='bbox 841 4267 1049 4330; x_wconf 79' lang='lat' dir='ltr'>testimonium</span> <span class='ocrx_word' id='word_1_286' title='bbox 1067 4267 1227 4331; x_wconf 66' lang='lat' dir='ltr'>adieritis.</span> <span class='ocrx_word' id='word_1_287' title='bbox 1257 4264 1314 4351; x_wconf 90' lang='lat' dir='ltr'>lV,</span> 
     </span>
    </p>
   </div>
   <div class='ocr_carea' id='block_1_8' title="bbox 90 4403 1316 4817">
    <p class='ocr_par' dir='ltr' id='par_1_9' title="bbox 90 4403 1316 4741">
     <span class='ocr_line' id='line_1_37' title="bbox 90 4403 1314 4475; baseline 0.002 -19"><span class='ocrx_word' id='word_1_288' title='bbox 90 4403 322 4472; x_wconf 89' lang='lat' dir='ltr'>respiciebantur,</span> <span class='ocrx_word' id='word_1_289' title='bbox 340 4403 433 4458; x_wconf 86' lang='lat' dir='ltr'>futilia</span> <span class='ocrx_word' id='word_1_290' title='bbox 451 4406 546 4458; x_wconf 89' lang='lat' dir='ltr'>tamen</span> <span class='ocrx_word' id='word_1_291' title='bbox 565 4404 812 4473; x_wconf 75' lang='lat' dir='ltr'>grammaticorum</span> <span class='ocrx_word' id='word_1_292' title='bbox 826 4407 1008 4475; x_wconf 79' lang='lat' dir='ltr'>praeceptae</span> <span class='ocrx_word' id='word_1_293' title='bbox 1024 4406 1104 4461; x_wconf 90' lang='lat' dir='ltr'>nobis</span> <span class='ocrx_word' id='word_1_294' title='bbox 1118 4406 1240 4460; x_wconf 83' lang='lat' dir='ltr'>refutata</span> <span class='ocrx_word' id='word_1_295' title='bbox 1254 4422 1314 4459; x_wconf 88' lang='lat' dir='ltr'>esse</span> 
     </span>
     <span class='ocr_line' id='line_1_38' title="bbox 91 4477 1315 4565; baseline 0.003 -20"><span class='ocrx_word' id='word_1_296' title='bbox 91 4477 230 4561; x_wconf 82' lang='lat' dir='ltr'>putamus.</span> <span class='ocrx_word' id='word_1_297' title='bbox 260 4492 324 4548; x_wconf 89' lang='lat' dir='ltr'>vide</span> <span class='ocrx_word' id='word_1_298' title='bbox 343 4493 417 4546; x_wconf 89' lang='lat' dir='ltr'>enirn</span> <span class='ocrx_word' id='word_1_299' title='bbox 433 4511 516 4561; x_wconf 89' lang='lat' dir='ltr'>quarn</span> <span class='ocrx_word' id='word_1_300' title='bbox 534 4510 591 4547; x_wconf 92' lang='lat' dir='ltr'>non</span> <span class='ocrx_word' id='word_1_301' title='bbox 605 4496 736 4548; x_wconf 88' lang='lat' dir='ltr'>accurata</span> <span class='ocrx_word' id='word_1_302' title='bbox 755 4495 818 4563; x_wconf 90' lang='lat' dir='ltr'>sint,</span> <span class='ocrx_word' id='word_1_303' title='bbox 838 4511 909 4563; x_wconf 86' lang='lat' dir='ltr'>quac</span> <span class='ocrx_word' id='word_1_304' title='bbox 928 4494 1106 4565; x_wconf 75' lang='lat' dir='ltr'>grammatici</span> <span class='ocrx_word' id='word_1_305' title='bbox 1124 4495 1200 4563; x_wconf 90' lang='lat' dir='ltr'>iique</span> <span class='ocrx_word' id='word_1_306' title='bbox 1219 4511 1315 4550; x_wconf 88' lang='lat' dir='ltr'>recen·</span> 
     </span>
     <span class='ocr_line' id='line_1_39' title="bbox 91 4581 1316 4654; baseline 0.003 -20"><span class='ocrx_word' id='word_1_307' title='bbox 91 4581 177 4636; x_wconf 91' lang='lat' dir='ltr'>tiores</span> <span class='ocrx_word' id='word_1_308' title='bbox 200 4581 254 4634; x_wconf 89' lang='lat' dir='ltr'>hae</span> <span class='ocrx_word' id='word_1_309' title='bbox 278 4582 313 4635; x_wconf 90' lang='lat' dir='ltr'>de</span> <span class='ocrx_word' id='word_1_310' title='bbox 331 4598 361 4635; x_wconf 89' lang='lat' dir='ltr'>rc</span> <span class='ocrx_word' id='word_1_311' title='bbox 385 4583 574 4652; x_wconf 90' lang='lat' dir='ltr'>protulerunt,</span> <span class='ocrx_word' id='word_1_312' title='bbox 598 4583 676 4637; x_wconf 87' lang='lat' dir='ltr'>velut</span> <span class='ocrx_word' id='word_1_313' title='bbox 698 4583 987 4639; x_wconf 89' lang='lat' dir='ltr'>Mueller-Lattmann</span> <span class='ocrx_word' id='word_1_314' title='bbox 1011 4603 1050 4654; x_wconf 86' lang='lat' dir='ltr'>gr.</span> <span class='ocrx_word' id='word_1_315' title='bbox 1070 4584 1119 4638; x_wconf 85' lang='lat' dir='ltr'>lat.</span> <span class='ocrx_word' id='word_1_316' title='bbox 1140 4589 1186 4651; x_wconf 87' lang='lat'>88,</span> <span class='ocrx_word' id='word_1_317' title='bbox 1206 4589 1235 4638; x_wconf 74' lang='lat'>2:</span> <span class='ocrx_word' id='word_1_318' title='bbox 1268 4585 1316 4638; x_wconf 85' lang='lat' dir='ltr'>der</span> 
     </span>
     <span class='ocr_line' id='line_1_40' title="bbox 90 4671 1016 4741; baseline 0.005 -17"><span class='ocrx_word' id='word_1_319' title='bbox 90 4671 228 4739; x_wconf 78' lang='lat' dir='ltr'>pebraaclr</span> <span class='ocrx_word' id='word_1_320' title='bbox 246 4671 291 4725; x_wconf 85' lang='lat' dir='ltr'>des</span> <span class='ocrx_word' id='word_1_321' title='bbox 310 4672 386 4726; x_wconf 80' lang='lat' dir='ltr'>datin</span> <span class='ocrx_word' id='word_1_322' title='bbox 404 4673 534 4740; x_wconf 72' lang='lat' dir='ltr'>persedit</span> <span class='ocrx_word' id='word_1_323' title='bbox 552 4673 612 4727; x_wconf 70' lang='lat' dir='ltr'>aad</span> <span class='ocrx_word' id='word_1_324' title='bbox 628 4675 777 4741; x_wconf 76' lang='lat' dir='ltr'>perrmdici</span> <span class='ocrx_word' id='word_1_325' title='bbox 794 4674 830 4728; x_wconf 85' lang='lat' dir='ltr'>ist</span> <span class='ocrx_word' id='word_1_326' title='bbox 849 4674 1016 4729; x_wconf 81' lang='lat' dir='ltr'>besclrrdrdd.</span> 
     </span>
    </p>

    <p class='ocr_par' dir='ltr' id='par_1_10' title="bbox 1065 4763 1102 4817">
     <span class='ocr_line' id='line_1_41' title="bbox 1065 4763 1102 4817; baseline 0 -22"><span class='ocrx_word' id='word_1_327' title='bbox 1065 4763 1102 4817; x_wconf 62' lang='grc' dir='ltr'>ὅ*</span> 
     </span>
    </p>
   </div>
   <div class='ocr_carea' id='block_1_9' title="bbox 0 0 1679 5218">
    <p class='ocr_par' dir='ltr' id='par_1_11' title="bbox 0 0 1679 5218">
     <span class='ocr_line' id='line_1_42' title="bbox 0 0 1679 5218; baseline 0 0"><span class='ocrx_word' id='word_1_328' title='bbox 0 0 1679 5218; x_wconf 95' lang='lat' dir='ltr'> </span> 
     </span>
    </p>
   </div>
  </div>
 </body>
</html>
