3340 5218
264 310 328 374 134
737 313 885 384 Appendix
903 314 1008 372 critica.

261 475 321 540 eile
345 476 511 541 absorberi
533 477 685 560 potuerit.
723 499 838 542 sensus
863 483 972 543 autem
996 482 1059 543 est:
1082 480 1235 563 quoniam
1259 481 1358 544 etiam
1382 502 1489 546 mores

262 585 444 666 temporum
467 583 687 650 vicissitudine
709 585 888 651 necessario
913 587 1032 651 mutari
1056 588 1174 670 solent,
1199 587 1261 652 hoc
1284 590 1395 651 tamen
1418 609 1489 672 spe-

260 689 398 754 randum
423 696 473 755 est
495 690 577 774 fore,
603 694 640 754 ut
662 691 742 758 haec
766 693 942 757 certamina
966 714 1043 778 erga
1067 694 1208 759 maiores
1231 695 1369 758 honesta
1392 696 1488 760 nobis

260 802 414 861 maneant
432 819 512 863 nere
528 820 592 862 una
607 821 679 862 cum
694 799 807 863 ceteris
821 801 918 865 rebus
933 803 1107 865 mutentur.
1122 837 1163 848 —·-
1183 800 1254 865 Iam
1269 801 1354 886 quod
1369 801 1409 866 ad
1424 824 1488 866 ser-

260 926 388 969 monem
403 905 522 970 attinet
540 906 660 989 aliquid
677 906 862 972 offensionis
883 907 1001 972 habere
1018 908 1169 972 ¹videntur
1188 908 1288 986 rerba
1308 909 1348 972 in
1371 909 1488 974 maio-

258 1034 319 1076 res
335 1011 559 1097 certamina,
574 1034 655 1097 quae
669 1016 831 1078 structura
845 1037 1005 1100 nusquam
1021 1015 1099 1079 alibi
1113 1015 1306 1099 inveniatur,
1320 1037 1397 1079 nam
1412 1015 1488 1079 licet

259 1118 322 1184 loci
350 1121 490 1202 exstent,
517 1119 573 1182 ubi
601 1119 830 1185 dissimilem
859 1143 942 1186 esse
974 1123 1014 1186 in
1044 1123 1213 1206 aliquem
1245 1123 1296 1186 vel
1322 1145 1423 1187 nora
1450 1123 1489 1188 in

258 1225 422 1290 fratrum
455 1225 564 1290 filias
601 1227 782 1312 coniugia
818 1228 939 1294 dictum
971 1233 1033 1313 est,
1070 1233 1181 1294 tamen
1217 1232 1414 1295 structuram
1449 1229 1489 1293 in

260 1333 424 1397 maiores
440 1333 653 1400 certamina
667 1355 738 1398 cum
753 1358 773 1400 a
787 1335 891 1400 Taciti
906 1337 1028 1401 usitato
1044 1358 1199 1420 sermone,
1214 1340 1282 1400 tum
1298 1337 1339 1401 ab
1350 1337 1488 1402 aliorum

260 1439 455 1523 scriptorum
477 1440 617 1510 alienam
640 1441 675 1505 in
698 1445 822 1506 textum
846 1443 986 1527 recipere
1008 1442 1101 1507 valde
1121 1443 1320 1527 dubitamus,
1341 1467 1489 1529 praeser-

259 1547 320 1611 tirn
345 1569 417 1614 cum
446 1570 486 1612 nc
506 1548 644 1632 simplex
668 1548 796 1632 quidem
816 1551 951 1614 verbum
975 1555 1126 1616 certare
1150 1573 1222 1618 cum
1245 1552 1487 1635 praepositione

259 1655 299 1717 in
323 1655 529 1742 coniunctum
553 1656 638 1739 apud
662 1655 811 1720 Tacitum
835 1657 1028 1722 inveniatur.
1070 1681 1168 1743 quare
1188 1657 1294 1722 Ritter
1317 1659 1488 1744 proposuit

258 1761 432 1826 lectionem
452 1773 646 1828 adversus
666 1763 847 1847 maiores,
871 1765 922 1828 cui
941 1765 1128 1850 mutationi,
1146 1788 1218 1830 oum
1238 1765 1336 1830 nimis
1357 1788 1376 1829 a
1395 1769 1487 1830 textu

259 1868 446 1953 abhorreat,
468 1891 536 1935 uon
559 1871 762 1935 assentimur.

349 1975 415 2040 Iam
438 1975 513 2059 quid
537 1977 576 2040 de
594 1975 793 2061 Nipperdeyi
816 1979 997 2044 mutatione
1016 1981 1221 2044 iudicandum
1245 1981 1289 2044 sit
1310 1979 1487 2046 videamus.

258 2083 480 2166 patrocinatur
513 2084 599 2148 enim
632 2084 777 2168 lectioni,
811 2108 893 2169 quae
923 2108 1027 2172 neque
1055 2086 1139 2152 alius
1173 2082 1341 2152 cuiusdam
1369 2086 1486 2152 nititur

259 2191 420 2254 sententia
437 2212 540 2275 neque
559 2191 617 2255 ulli
636 2191 691 2271 alii
710 2193 921 2276 comprobata
940 2197 1003 2258 est:
1028 2215 1157 2258 verum
1180 2195 1274 2258 haec
1292 2216 1364 2258 nos
1384 2193 1485 2279 (imi-

257 2297 377 2372 tanda
399 2298 568 2380 posteris
597 2298 791 2384 tulimus);
818 2301 932 2365 nobis
961 2301 1126 2366 maiores
1155 2299 1363 2388 (imitanda
1386 2303 1486 2367 tule-

257 2403 373 2488 runt):
397 2407 609 2470 certamina
628 2428 671 2470 ex
694 2407 859 2473 honesto
883 2412 1073 2473 maneant.
1114 2408 1276 2492 permulta
1300 2413 1376 2473 sunt
1403 2431 1485 2494 quac

258 2513 458 2576 contradici
485 2518 623 2599 possunt
646 2518 854 2599 argumenta,
881 2515 1021 2580 sufficiat
1044 2537 1144 2580 unum
1168 2515 1353 2599 protulisse.
1389 2515 1484 2581 offen·

260 2617 397 2698 dendum
417 2621 503 2684 enim
522 2624 572 2684 est
594 2622 628 2684 in
648 2623 807 2687 enuntiati
830 2645 960 2688 verum
983 2625 1076 2688 haec
1099 2645 1167 2688 nos
1189 2620 1360 2708 (imitanda
1377 2625 1485 2706 poste·

257 2727 302 2790 ris
335 2725 484 2814 tulimus)
517 2729 705 2812 pronomine
738 2729 845 2814 haec,
878 2731 963 2814 quod
986 2730 1193 2815 Nipperdeyo
1225 2729 1329 2794 iudice
1361 2729 1484 2814 aliquid

258 2835 432 2920 significat,
456 2835 541 2919 quod
565 2836 677 2920 nequit
700 2836 893 2920 significare.
931 2837 1067 2902 sienim
1091 2857 1204 2900 revera
1223 2835 1355 2901 Tacitus
1380 2835 1485 2900 dicere

259 2941 362 3007 voluit
394 2959 528 3008 verum·
556 2943 649 3007 haec
676 2965 746 3008 nos
774 2944 966 3009 imitanda
993 2943 1165 3027 posteris
1194 2942 1369 3025 tulimus,
1398 2941 1485 3006 haud

259 3049 355 3114 dubie
385 3071 495 3114 earum
522 3072 645 3134 rerurn,
678 3073 759 3134 quae
788 3051 953 3134 scriptoris
982 3051 1083 3115 aetati
1111 3071 1256 3114 summac
1283 3047 1372 3112 laudi
1399 3054 1485 3133 sunt,

258 3156 455 3220 mentionem
486 3157 590 3221 facere
624 3157 778 3221 debuerat
811 3179 915 3242 neque
947 3157 1067 3222 sufficit
1098 3158 1133 3220 in
1162 3157 1350 3220 universum
1379 3155 1485 3220 dicere

257 3262 361 3326 multa
379 3262 483 3326 laudis
503 3266 536 3327 et
555 3263 674 3327 artium
693 3263 850 3327 imitanda
867 3263 1007 3347 posteris
1026 3267 1167 3328 aetatem
1185 3262 1308 3328 tulisse.
1340 3263 1377 3326 fit
1397 3262 1484 3327 enim

258 3369 366 3433 nescio
386 3391 449 3452 quo
468 3372 578 3452 pacto,
602 3373 638 3434 ut
656 3368 856 3454 Nipperdeyi
875 3371 1048 3435 lectionem
1066 3392 1195 3434 verum
1214 3370 1307 3434 hacc
1325 3391 1395 3434 nos
1414 3368 1482 3453 (im.

258 3500 289 3560 p.
308 3472 380 3562 tul.)
404 3476 607 3560 perlegentes
632 3498 837 3561 quaeramus,
860 3478 936 3562 quid
956 3477 998 3542 sit
1017 3477 1103 3561 quod
1126 3477 1265 3542 tulerint.
1283 3481 1317 3542 et
1338 3499 1396 3542 cur
1418 3499 1483 3543 non

261 3582 401 3648 sufficiat
428 3583 515 3667 quod
539 3583 668 3648 dicitur:
692 3585 797 3650 multa
819 3585 923 3650 laudis
942 3589 976 3650 et
994 3584 1112 3648 artium
1135 3583 1304 3668 imitanda.
1343 3587 1484 3648 ceterum

259 3688 446 3772 Nipperdey
474 3711 600 3775 quoque
629 3692 748 3755 abusus
777 3714 847 3756 esse
880 3695 916 3756 ut
942 3691 989 3755 ita
1016 3691 1121 3756 dicam
1149 3690 1298 3755 Tacitina
1325 3691 1483 3756 brevitate

261 3796 396 3861 videtur.
432 3817 508 3860 nam
532 3797 747 3880 enuntiatum,
776 3798 861 3882 quod
884 3820 923 3862 ex
945 3799 1053 3863 verbis
1078 3802 1146 3864 tarn
1174 3798 1310 3881 abrupte
1338 3798 1423 3862 inter
1449 3820 1483 3862 se

261 3903 450 3986 compositis
474 3908 603 3969 constat
626 3907 659 3967 et
681 3925 748 3968 non
769 3905 834 3969 nisi
858 3908 909 3970 tot
932 3905 1101 3990 ellipsibus
1125 3904 1279 3988 explicari
1300 3907 1410 3988 potest
1432 3904 1481 3968 vel

258 4033 277 4074 a
295 4009 401 4074 Taciti
420 4031 567 4074 sermone
586 4009 748 4074 abhorret.
769 4047 807 4058 —-
828 4009 941 4096 Neque
960 4011 1066 4076 minus
1085 4011 1332 4095 comprobemus
1351 4010 1483 4076 Ioannis

256 4115 435 4200 Muelleri¹)
469 4117 701 4201 coniecturam,
738 4139 776 4182 ex
808 4139 872 4202 qua
903 4141 966 4185 vox
1003 4119 1168 4182 maiores
1205 4116 1376 4201 supposita
1405 4137 1483 4181 voce

174 4223 179 4232 ’
257 4227 472 4291 animorum
496 4223 628 4287 deletur.
660 4245 737 4288 nam
761 4246 874 4290 sensus
890 4247 984 4310 quem
1004 4226 1054 4290 vir
1072 4225 1128 4290 ille
1143 4224 1351 4290 doctissimus
1369 4227 1481 4288 nostro

257 4334 328 4397 loco
355 4332 455 4395 infert
481 4330 579 4394 nimis
607 4331 769 4414 generalis
793 4336 856 4416 est,
884 4354 980 4417 quam
1009 4336 1046 4396 ut
1073 4332 1209 4398 consilio
1238 4331 1406 4414 scriptoris
1434 4351 1482 4394 re·

258 4439 414 4522 spondere
438 4458 510 4501 eum
534 4437 712 4501 verosimile
736 4438 787 4505 sit.

332 4669 358 4738 1)
377 4664 507 4738 Beitragc
526 4683 574 4720 zur
592 4651 752 4736 Erklttrung
770 4666 827 4722 und
845 4665 939 4720 Kritik
958 4665 1007 4720 des
1026 4666 1147 4722 Tacitus.
1175 4667 1226 4734 ΙΙΙ,
1245 4685 1271 4736 p.
1292 4673 1334 4720 34.
