3340 5218
262 294 305 358 80
797 294 888 362 Caput
906 293 954 348 IV.

260 458 480 541 unusquisque
494 480 553 541 pro
573 460 659 522 certo
674 457 823 539 habebit,
838 457 892 541 qui
907 455 1080 520 Emanueli
1095 455 1283 521 Hoffmanni
1291 453 1315 540 ¹)
1327 477 1495 520 commen-

261 563 419 628 tationem
438 564 603 650 ingeniose
624 564 777 647 scriptam
798 567 920 627 attente
935 562 1116 646 perlegerit.
1146 562 1315 646 repudiata
1333 562 1420 626 enim
1439 584 1495 625 ra-

260 670 350 736 tione
383 671 563 755 explicandi
595 671 752 755 priorum,
781 670 896 754 quibus
925 672 981 733 aut
1009 669 1049 732 ad
1077 667 1273 734 Graecorum
1306 691 1494 733 sermonem

261 778 423 862 relegasse
457 783 514 843 aut
541 801 635 843 usum
666 777 820 861 loquendi
852 777 992 862 aliquem
1022 776 1154 840 1011111
1182 776 1407 840 tantummodo
1436 775 1494 838 de·

261 885 407 968 signasse
441 889 497 949 aut
530 884 701 949 statuenda
733 885 839 968 ellipsi
873 883 1033 968 angustiis
1063 904 1096 946 se
1124 883 1323 966 expedivisse
1353 882 1496 972 suffecit,

260 991 309 1054 vir
335 991 389 1056 ille
417 991 623 1056 doctissimus
647 991 893 1074 grammaticam
921 990 1079 1055 rationem
1106 989 1224 1053 talium
1253 991 1492 1054 structurarum

261 1096 469 1182 sagacissime
493 1096 662 1180 indagavit
681 1119 854 1181 earumque
874 1096 940 1161 vim
960 1100 992 1160 et
1010 1099 1205 1179 potestatem
1230 1095 1428 1180 argumentis
1449 1093 1494 1158 ad

260 1202 518 1286 persuadendum
549 1203 724 1286 aptissimis
748 1225 787 1267 ex
810 1205 939 1288 linguae
962 1202 1099 1267 Latinae
1128 1203 1224 1267 certis
1247 1201 1374 1286 legibus
1397 1222 1492 1284 repe-

260 1310 334 1373 tivit
356 1309 457 1393 probe
477 1310 591 1388 sciens,
615 1313 754 1392 quantus
773 1309 896 1374 fructus
919 1308 1077 1373 redundet
1096 1330 1134 1372 ex
1152 1309 1289 1374 historia
1312 1311 1492 1372 structura-

260 1438 332 1479 rum
365 1416 605 1481 consideranda.
651 1416 734 1490 huic,
759 1416 844 1479 enim
880 1415 1081 1500 propositum
1119 1419 1168 1480 est
1204 1436 1298 1479 usum
1335 1413 1494 1496 loquendi

261 1522 400 1607 aliquem
425 1524 465 1587 ad
487 1523 593 1607 prima
616 1521 754 1607 vestigia
776 1522 925 1587 reducere
949 1526 981 1585 et
1005 1522 1171 1605 explicare,
1196 1520 1357 1606 quomodo
1381 1519 1493 1603 magis

262 1629 430 1712 magisque
454 1649 598 1692 crescens
621 1649 693 1691 eam
714 1627 853 1691 formam
878 1628 1050 1710 acceperit,
1074 1650 1154 1711 quae
1179 1628 1333 1712 explicari
1354 1647 1493 1709 prorsus

263 1738 411 1819 nequeat,
429 1735 492 1798 nisi
511 1735 616 1817 ipsam
635 1734 725 1797 111111
744 1733 975 1818 grammaticae
995 1733 1074 1797 11111
1093 1734 1295 1818 disciplinam
1315 1732 1493 1816 respexeri-

263 1863 343 1904 mus.
393 1842 442 1904 cui
471 1842 517 1904 rei
545 1863 617 1905 cum
641 1840 816 1904 Hoffmann
840 1839 972 1903 minime
1001 1839 1138 1924 deesset,
1167 1841 1290 1923 optime
1310 1839 1428 1922 effecit,
1452 1842 1494 1902 ut

262 1949 384 2011 crimen
408 1947 487 2011 illud
510 1947 672 2011 refelleret
695 1947 779 2030 quod
803 1945 916 2010 Tacito
941 1946 1052 2026 datum
1070 1949 1133 2031 est,
1156 1950 1311 2030 tanquam
1335 1947 1362 2010 si
1386 1948 1491 2008 struc-

261 2057 350 2118 turas
379 2075 417 2118 ex
446 2053 640 2118 Graecorum
673 2075 819 2118 sermone
851 2053 1005 2136 repetitas
1037 2054 1084 2117 ita
1116 2053 1330 2137 adhibuisset,
1357 2055 1395 2116 ut
1421 2073 1493 2116 non

263 2164 351 2224 recta
374 2162 457 2226 ratio
486 2164 572 2224 esset
594 2160 678 2224 inter
701 2159 773 2223 illas
798 2161 830 2222 et
853 2160 1020 2243 generales
1042 2160 1174 2245 linguae
1197 2159 1334 2224 Latinae
1356 2155 1491 2244 leges.²)

261 2267 359 2330 imrno
394 2267 627 2332 demonstravit
660 2287 770 2329 omnes
802 2287 853 2328 res
887 2286 968 2348 quae
997 2265 1117 2349 aliquid
1149 2243 1337 2330 offensionis
1369 2265 1492 2328 habere

260 2373 453 2437 videbantur
489 2395 527 2436 ex
565 2372 669 2436 Taciti
702 2377 770 2436 arte
802 2371 934 2454 linguae
966 2371 1159 2436 excolendae
1192 2375 1225 2435 et
1260 2371 1491 2455 perpoliendae

262 2500 356 2561 posse
380 2480 540 2563 explicari.
577 2501 654 2543 narn
681 2478 827 2562 profecto
852 2478 982 2543 Tacitus
1009 2479 1141 2563 linguae
1169 2479 1257 2564 leges
1285 2479 1374 2542 haud
1395 2479 1492 2562 parvi

262 2586 427 2669 aestimat,
462 2586 517 2650 sed
545 2585 707 2651 indefesso
740 2586 847 2650 studio
875 2586 1010 2669 parvula
1037 2585 1132 2650 initia
1161 2607 1358 2669 persequens
1385 2607 1490 2650 novas

261 2694 294 2755 et
320 2692 483 2756 inauditas
507 2693 628 2757 formas
651 2692 841 2777 procreavit.
881 2693 990 2775 itaque
1014 2692 1193 2756 videbimus
1216 2693 1249 2756 in
1272 2693 1408 2757 historia
1431 2692 1490 2756 ali-

261 2799 351 2863 cuius
381 2803 574 2881 structurae,
602 2800 677 2864 licet
699 2799 785 2863 haud
807 2798 912 2863 facilis
936 2800 979 2862 sit
1002 2799 1042 2862 ad
1069 2799 1337 2884 persequendum,
1365 2803 1486 2881 tamen,

263 2906 291 2968 si
314 2928 407 2971 veras
430 2907 559 2990 linguae
583 2906 672 2991 leges
696 2910 834 2990 spectas,
848 2942 889 2951 -
906 2910 943 2970 ut
958 2904 1121 2971 Ciceronis
1145 2906 1224 2971 illud
1249 2907 1289 2970 ad
1312 2907 1488 2971 incremen-

261 3016 330 3075 tum
364 3013 520 3076 sermonis
552 3012 687 3077 humani
719 3013 951 3079 transferamus
978 3051 1014 3060 -
1046 3017 1188 3078 extrema
1220 3013 1349 3098 primis,
1381 3012 1490 3078 media

262 3119 418 3202 utrisque,
446 3119 556 3182 omnia
580 3118 730 3183 omnibus
754 3121 956 3204 respondere.
994 3143 1031 3184 ac
1053 3120 1168 3184 talium
1196 3119 1325 3203 quidem
1349 3123 1487 3184 structu·

261 3245 370 3287 rarum
397 3223 603 3288 similitudini
631 3246 823 3289 annumeres
850 3226 947 3290 etiam
971 3249 1065 3290 usum
1089 3226 1229 3311 genetivi
1258 3226 1405 3310 gerundii
1427 3248 1487 3310 per

262 3329 392 3413 ellipsin
415 3331 512 3416 vulgo
537 3331 739 3416 explicatum,
764 3354 859 3417 quem
879 3332 1027 3416 deinceps
1047 3337 1220 3416 praeeunte
1235 3332 1273 3396 Ε.
1287 3332 1486 3397 Hoffmanno

262 3438 488 3522 tractabimus,
521 3438 576 3502 ubi
604 3438 701 3502 etiam
731 3461 788 3502 suo
817 3460 944 3523 quoque
972 3440 1043 3504 loco
1072 3440 1249 3504 indicatum
1277 3442 1339 3523 est,
1369 3439 1488 3524 quibus

262 3543 417 3627 exemplis
446 3545 665 3608 collectionem
694 3543 883 3609 Hoffmanni
910 3547 1166 3629 suppleverimns
1194 3552 1227 3611 et
1255 3568 1312 3611 111
1341 3567 1476 3609 111111

262 3671 358 3733 quam
382 3652 416 3713 in
437 3650 688 3734 interpretandis
707 3652 861 3735 exemplis
881 3651 961 3735 ipsis
982 3653 1023 3716 ab
1039 3652 1190 3735 opinione
1205 3654 1272 3718 1111
1292 3652 1488 3716 recedamus.

259 3757 370 3839 itaque
392 3758 497 3839 primo
520 3757 592 3822 loeo
617 3757 836 3840 disputabitur
859 3758 897 3821 de
920 3759 960 3822 iis
984 3760 1147 3844 exemplis,
1171 3759 1343 3843 inquibus

316 3948 343 4004 1.
381 3946 546 4004 (laustinus
566 3949 708 4015 gerundii
727 3950 792 4005 vice
812 3951 959 4006 infinitivi
977 3951 1009 4006 11
1028 3953 1213 4008 nominativo
1232 3967 1303 4008 casu
1322 3951 1437 4021 prolati

753 4039 842 4106 fungi
861 4038 993 4096 videtur.

350 4147 488 4213 Constat
506 4147 671 4212 Romanos
694 4149 817 4213 nomini
841 4150 968 4234 generis
991 4173 1110 4215 nomen
1129 4153 1246 4236 speciei
1270 4151 1395 4216 adicere
1420 4173 1486 4214 ma-

261 4255 358 4319 luisse
382 4255 568 4340 genetivum
597 4278 692 4340 quam
718 4258 963 4339 appositionem.
1006 4255 1069 4322 hoo
1096 4259 1202 4344 fingas
1230 4259 1398 4342 exemplis:
1426 4279 1487 4340 pro

333 4451 360 4517 1)
374 4449 430 4502 Der
444 4447 593 4516 angeblich
609 4445 767 4517 elliptische
782 4449 924 4520 gebrauch
939 4449 988 4503 des
1003 4450 1151 4519 genetivus
1165 4449 1296 4520 gerundii
1313 4451 1486 4520 111131111-

261 4537 327 4604 divi,
346 4537 443 4592 Jahrb.
462 4536 596 4591 1111Ρ1111.
614 4556 641 4594 u.
661 4537 744 4592 Paed.
765 4539 824 4593 CIX
842 4557 869 4607 p.
890 4545 941 4592 oio
955 4538 983 4595 ff.

332 4631 360 4695 2)
380 4628 440 4682 Hoc
459 4625 528 4682 vitio
548 4642 603 4680 non
623 4629 719 4682 carent
732 4627 867 4682 Zernialis
887 4627 1018 4698 egregiae
1032 4628 1238 4684 dissertationis
1257 4629 1483 4700 (8111110111-
