3330 5228
455 314 497 368 De
517 312 731 384 participiorum
748 330 801 368 usu
819 311 994 367 attributivo.
1300 309 1339 373 51

116 479 219 543 sevitio
246 479 355 542 umoris
381 482 485 542 uterus
512 479 664 542 vecordem
686 476 802 560 apebut.
830 513 866 522 —
897 473 1001 538 Vellei
1029 473 1138 538 nullus
1166 474 1256 538 loeus
1285 475 1343 557 est,

116 585 170 668 qui
193 585 229 648 in
251 585 313 650 hoc
336 583 500 648 idiomatis
527 604 629 668 genus
654 587 744 668 spect
763 587 786 648 t.

206 689 275 755 Iam
294 694 497 756 transeamus
516 689 556 754 ad
575 690 782 773 participium
803 711 875 753 eum
896 689 967 752 aliis
989 689 1130 772 casibus,
1154 709 1250 771 quam
1270 709 1343 751 cum

117 797 318 862 nominativo
333 797 549 863 coniunctum.
581 818 619 861 ae
636 805 783 874 genetivi
798 794 928 880 quidem
948 797 1128 860 structurae
1144 795 1206 858 duo
1226 813 1344 879 genera

121 904 311 968 secernenda
335 907 423 988 sunt,
449 907 546 986 prout
569 905 654 968 enim
685 903 854 988 genetivus
878 923 897 965 a
924 902 1022 966 verbo
1047 900 1218 984 dependet,
1247 901 1345 983 prout

118 1011 373 1075 asubstantivo.
410 1011 444 1074 in
467 1011 604 1074 alterum
628 1031 730 1094 genus
755 1008 873 1074 cadunt
897 1007 971 1072 Tac.
996 1029 1068 1072 ann.
1087 1005 1143 1090 IV,
1162 1006 1219 1070 21:
1249 1006 1343 1070 secuti

116 1119 264 1182 sermonis
280 1119 434 1182 incusavit
446 1118 606 1182 odumsum
625 1117 814 1181 maiestatem
831 1115 938 1179 babiti.
970 1113 1031 1199 VI,
1047 1113 1089 1180 29
1113 1113 1193 1177 mole
1206 1111 1341 1178 orimini-

118 1229 232 1288 stratae
249 1224 441 1306 oiiorumque
457 1224 624 1288 criminum
642 1221 865 1308 arpuebotur.¹)
902 1222 1029 1308 generis
1049 1221 1182 1285 alterius
1197 1217 1343 1302 exempla

119 1331 251 1414 propius
284 1329 440 1396 accedunt
478 1331 519 1394 ad
551 1353 645 1394 usum
679 1329 805 1395 dicendi
837 1330 1004 1414 vulgarem
1037 1328 1243 1410 omniumque
1275 1325 1343 1389 iere

121 1437 312 1520 scriptorum
330 1437 510 1521 proprium,
530 1437 627 1501 siout:
655 1436 730 1502 Tac.
750 1459 824 1501 ann.
843 1436 874 1520 Ι,
894 1436 937 1500 26
955 1435 983 1502 is
1002 1436 1123 1500 orditur
1139 1435 1175 1498 de
1187 1432 1341 1515 praemiis

119 1544 225 1623 rimiae
247 1544 384 1610 miiitiae.
420 1543 497 1628 XII,
520 1544 559 1608 31
588 1543 728 1609 Ostorius
750 1545 862 1608 seruati
884 1543 959 1608 ciuis
980 1543 1069 1607 decus
1090 1543 1212 1606 meruit.
1255 1538 1344 1623 XIV,

121 1649 163 1711 29
185 1655 373 1732 receptaeque
390 1649 558 1714 Armeniae
576 1651 674 1715 demea
710 1648 781 1735 XV,
800 1649 840 1714 61
859 1668 976 1731 poenos
999 1669 1117 1714 euersae
1138 1647 1343 1729 reipublicae

120 1756 213 1820 daret.
253 1755 329 1820 hist.
347 1755 411 1838 III,
430 1757 470 1821 61
495 1775 554 1837 quo
577 1757 686 1822 omissi
702 1756 856 1840 praesidii
878 1755 1002 1820 dedecus
1026 1755 1163 1820 lenirent.
1200 1752 1284 1818 Vell.
1301 1749 1345 1836 II,

121 1861 162 1924 66
189 1861 269 1927 nibil
295 1864 382 1945 episti
404 1863 452 1928 M.
475 1862 596 1926 Antoni
618 1864 780 1928 mercedem
803 1862 1011 1928 coelestissimi
1033 1862 1097 1926 oris
1124 1865 1153 1924 et
1175 1859 1342 1925 camum·

121 1970 230 2050 capitis
251 1969 362 2035 abscisi
383 1970 582 2034 commando
625 1969 690 2033 alia
712 1991 822 2034 rursus
850 1968 947 2032 huius
972 1967 1098 2052 generis
1127 1966 1273 2051 exempla
1303 1965 1344 2029 ab
1411 2021 1414 2026 .

123 2075 241 2140 usitato
271 2075 397 2141 dicendi
428 2097 488 2140 usu
519 2075 673 2140 recedunt
704 2097 776 2140 ann.
800 2075 829 2160 1,
853 2075 895 2140 69
926 2075 1016 2156 foma
1043 2075 1138 2139 dediti
1165 2074 1345 2156 bmipneque

121 2182 234 2264 eccepti
257 2181 386 2264 Sepestr's
415 2181 538 2264 culpato
679 2184 838 2266 aempitur.
887 2182 917 2264 I,
941 2182 982 2247 69
1012 2187 1192 2264 peruaserat
1219 2181 1345 2246 interim
1441 2197 1444 2204 ·

122 2289 316 2354 circumuenti
338 2289 484 2353 mmcitus
509 2288 607 2369 famo.
644 2286 692 2373 ΙΙ,
714 2289 758 2354 26
786 2289 891 2370 somne
917 2288 1025 2354 classis
1052 2290 1193 2354 omnsoe.
1229 2287 1277 2370 II,
1302 2286 1345 2352 16

123 2395 220 2461 luctis
242 2396 375 2460 ammam
396 2395 519 2462 sororis.
556 2393 617 2477 ΙΙΙ,
641 2394 686 2458 24
713 2396 805 2478 praui
825 2396 949 2460 nominc
971 2393 1140 2461 Caesarum
1162 2395 1346 2477 reiipionum

122 2521 158 2565 oc
183 2501 314 2566 mobotae
336 2501 513 2566 maiestatis.
555 2499 616 2584 IV,
641 2501 660 2565 6
693 2503 841 2584 quautam
865 2502 985 2567 Tiberio
1017 2502 1130 2567 mutati
1157 2503 1193 2566 in
1215 2502 1346 2566 demrius

117 2608 313 2690 principatus
330 2609 456 2672 initium
473 2608 526 2672 iile
543 2627 646 2672 annus
664 2608 778 2675 ottuiit.
809 2607 888 2692 XII,
903 2609 923 2673 5
945 2608 1032 2673 uuiio
1050 2609 1186 2692 coempto
1204 2610 1346 2674 deductae

121 2713 157 2776 iu
178 2715 302 2778 domum
319 2717 469 2796 pateruae
489 2713 603 2794 fratris
624 2715 717 2796 litiae.
760 2715 833 2780 hist
855 2714 902 2798 ΙΙ,
924 2715 965 2779 91
995 2717 1030 2780 in
1052 2716 1208 2781 ancilium
1229 2720 1347 2798 spretae

118 2821 277 2900 potestatis
302 2821 467 2886 aduocauit.
515 2818 578 2904 III,
603 2821 643 2886 78
676 2822 787 2888 obsessi
814 2821 952 2904 capitolii
981 2822 1079 2903 soum.
1116 2821 1174 2906 IV,
1196 2823 1239 2888 32
1266 2823 1348 2904 quod

120 2927 295 3007 proemium
312 2927 403 3007 efflrsi
421 2927 529 2992 nuens
546 2928 718 3011 samumis.
753 2928 861 3013 Agris.
879 2930 896 2993 7
916 2929 1025 2992 nuntio
1043 2928 1180 3008 affectati
1197 2949 1218 2992 a
1237 2929 1347 3011 Vespa

121 3033 210 3097 siano
232 3035 364 3115 imperii.
401 3031 618 3117 ve11.11,45
646 3055 710 3101 non
727 3041 894 3100 comerunt
915 3034 1086 3117 suspicione
1108 3035 1244 3118 oppressi
1267 3033 1346 3101 Cice

122 3141 209 3206 renis
231 3139 397 3206 Caesarei
418 3139 591 3222 Pompeius.
629 3141 677 3225 ΙΙ,
701 3143 763 3207 111
787 3143 927 3224 furiatae
948 3161 985 3206 cr
1008 3140 1182 3206 Germania
1203 3141 1345 3224 epistolem

122 3247 269 3312 nuntium
295 3246 422 3312 ababuc
448 3247 528 3312 caesi
556 3247 634 3313 Vari
666 3249 948 3330 trucidomrumpuc
977 3248 1128 3332 iopionmu
1155 3249 1252 3313 trima
1279 3248 1347 3312 toti-

122 3355 246 3436 demque
272 3355 397 3419 alomm
423 3357 452 3418 ct
477 3373 530 3418 sec
562 3353 773 3435 cobortium.²)
813 3355 973 3438 Exempla
995 3376 1068 3418 ann.
1090 3353 1122 3436 Ι,
1146 3353 1187 3418 69
1217 3357 1249 3417 et
1271 3353 1347 3417 hist.

123 3459 180 3545 IV,
199 3461 242 3524 32
266 3462 321 3526 ubi
338 3460 509 3545 participio
530 3461 719 3526 adverbium
737 3462 883 3548 iungitur
901 3460 1050 3544 inprimis
1068 3458 1348 3525 commemoranda

124 3570 213 3650 sunt,
246 3568 362 3652 quibus
392 3567 630 3634 demonstretur
662 3567 883 3653 participium,
912 3589 1107 3652 quamquam
1136 3565 1253 3630 intima
1280 3566 1348 3631 eius

125 3727 337 3738 —·----·---—.-¹

196 3850 223 3917 1)
240 3849 295 3903 Pro
313 3850 434 3907 lectione
454 3847 583 3905 codicum
601 3851 825 3922 urguebatur,
845 3867 928 3920 quam
948 3849 1059 3904 Ernesti
1076 3848 1188 3906 retinet.

195 3939 223 4006 2)
242 3937 296 3991 Hic
313 3941 392 3994 loeus
411 3941 471 3994 tam
484 3939 601 3993 mutilus
616 3940 667 4010 est,
685 3941 718 3994 ut
736 3940 772 3995 ad
790 3955 858 3994 vera
871 3937 963 3994 Vellei
981 3938 1067 3994 verba
1081 3939 1177 3993 reduci
1190 3936 1238 3993 vix
1251 3937 1348 4008 possit.

123 4025 221 4079 tamen
242 4026 394 4083 verisimile
414 4031 457 4082 est
475 4027 621 4098 genetivus
647 4030 719 4084 coesi
743 4029 813 4083 Vari
835 4029 1180 4097 mandatorumque...
1200 4027 1350 4082 cobortimu
1457 4033 1459 4037 '

124 4114 282 4185 dependere
301 4115 335 4172 66
354 4134 424 4172 voce
442 4116 546 4188 aliqua,
566 4117 656 4186 qualis
675 4119 719 4172 est
737 4117 886 4172 nuntius.
925 4116 999 4184 quod
1017 4115 1054 4168 ad
1072 4115 1193 4186 primam
1211 4113 1349 4170 emundati

122 4205 234 4272 partem
251 4205 374 4276 pertinet
392 4206 538 4261 laudamus
557 4205 664 4261 Halmii
681 4223 739 4260 non
756 4205 841 4260 modo
862 4204 1050 4259 coniecturam
1068 4205 1175 4275 ipsam,
1195 4203 1244 4258 sed
1263 4203 1350 4258 etiam

122 4293 271 4348 verborum
290 4295 447 4350 nuntium
466 4295 617 4350 attulere
636 4295 885 4366 transpositionem
899 4311 983 4364 supra
997 4294 1192 4364 significatam.
1225 4295 1349 4348 extrema

122 4383 219 4436 autem
237 4384 317 4451 parte
336 4382 420 4437 nimis
443 4385 532 4438 multa
550 4385 637 4440 verba
656 4382 793 4438 excidisse
811 4383 954 4452 videntur,
979 4399 1062 4450 quam
1084 4385 1117 4436 ut
1138 4382 1216 4438 haud
1235 4380 1350 4435 dubiam
1457 4425 1460 4434 .

122 4470 209 4525 fidem
231 4472 295 4526 loco
318 4471 420 4528 inferre
447 4473 546 4543 possis.
589 4476 712 4528 ceterum
735 4489 791 4528 non
819 4472 919 4526 inutile
942 4473 986 4526 est
1013 4473 1050 4526 ad
1071 4471 1173 4526 Kritzii
1196 4469 1350 4525 editionem
1433 4479 1439 4484 ·

124 4559 271 4631 delegare,
294 4559 325 4614 in
344 4561 422 4618 cuius
440 4561 669 4618 annotationibus
687 4561 775 4616 totius
794 4561 850 4617 loci
868 4578 954 4617 nexus
974 4563 1003 4616 et
1020 4577 1117 4616 sensus
1135 4561 1211 4616 recte
1230 4558 1351 4631 explica·

123 4652 169 4705 tus
189 4667 250 4706 esse
269 4651 391 4707 videtur.

1102 4740 1139 4798 4*
