3330 5228
414 332 455 386 De
474 331 687 402 participiorum
707 351 759 388 usu
777 331 950 390 attributivo.
1254 333 1297 397 59

371 512 395 564 1.
417 511 461 566 lio
481 509 583 566 dativo
602 509 655 578 qui
674 509 876 580 dependetis
896 510 1000 567 verbo.

156 618 269 684 Huius
292 620 419 704 generis
442 623 509 685 tres
529 642 640 686 rursus
661 620 743 685 aliae
762 620 885 704 speeies
904 621 1067 686 subtiliter
1086 622 1297 687 secernendae

82 729 153 808 unt,
173 729 214 791 ut
231 726 399 810 perspicue
418 725 640 812 intellegatur,
660 749 756 812 quani
777 727 938 811 aequabili
957 728 1183 812 constantique
1202 728 1297 793 modo

82 834 194 916 mgna,
214 832 362 917 inprimis
377 831 525 897 Tacitina
544 832 673 897 erebus
694 833 855 917 prioribus
871 836 903 898 et
922 833 1121 918 simplicibus
1141 833 1181 898 ad
1195 856 1297 898 remo-

82 940 168 1002 iores
193 943 226 1004 et
245 939 350 1026 magis
369 941 535 1003 contortas
554 939 756 1022 processerit.
794 938 878 1003 hanc
896 939 982 1002 enim
1001 939 1036 1004 in
1054 942 1180 1024 partem
1199 939 1297 1004 Dras-

82 1045 170 1131 5er,¹)
197 1041 351 1132 Teipel,²)
379 1041 521 1130 Wolff‚³)
553 1066 625 1110 cum
654 1046 743 1110 varia
771 1066 889 1130 genera
916 1046 1001 1111 inter
1029 1067 1063 1111 se
1092 1046 1299 1130 confundant,

82 1175 140 1217 ron
165 1152 305 1217 dilucide
328 1150 517 1216 disseruisse
540 1151 635 1216 nobis
659 1151 815 1218 videntur.

241 1330 279 1396 Δ.
313 1326 402 1394 Inter
425 1326 571 1394 dativum
594 1327 768 1412 gerundivi
791 1332 824 1396 et
847 1331 979 1397 verbum
1002 1331 1127 1398 linitum

82 1456 187 1519 ntima
216 1453 357 1520 cernitur
385 1454 567 1519 communio
595 1455 713 1539 quippe
742 1477 823 1540 quae
852 1455 941 1520 verbi
968 1460 1085 1522 natura
1113 1479 1151 1522 ea
1179 1458 1234 1539 sit,
1263 1462 1299 1521 ut

82 1560 205 1625 »mnino
230 1583 295 1625 non
324 1561 387 1625 nisi
411 1581 484 1625 cum
507 1560 615 1626 dativo
640 1561 861 1648 coniungatur.
903 1563 1031 1628 facilem
1054 1563 1157 1649 igitur
1179 1564 1295 1628 transi-

82 1690 138 1730 um
163 1688 234 1732 esse
262 1668 303 1732 ab
330 1666 496 1758 enuntiato
520 1668 638 1732 classi
671 1667 893 1752 praefectus
926 1673 987 1734 est
1015 1671 1055 1734 ad
1085 1670 1205 1736 classi
1239 1692 1297 1735 re·

85 1773 262 1838 iciendae
285 1774 506 1858 praefectus
531 1776 589 1838 est
611 1773 750 1840 libenter
773 1776 937 1841 concedas.

157 1879 210 1943 Ex
229 1878 334 1944 Taciti
353 1879 482 1963 seriptis
500 1879 580 1944 haec
600 1882 746 1965 exempla
765 1880 928 1946 afferenda
946 1875 1045 1946 suntt'
1059 1882 1133 1949 Tac.
1148 1905 1221 1947 ann.
1237 1884 1261 1968 Ι,
1279 1885 1295 1948 1

82 1987 254 2068 emporibus
268 1987 407 2070 liupusti
424 1987 560 2052 dicendis
577 2007 641 2052 uou
658 1988 778 2068 deficere
795 1990 906 2054 decoro
928 1990 1062 2072 iupeuiu.
1098 1987 1128 2073 Ι,
1149 1992 1191 2055 76
1214 1992 1298 2055 edea-

82 2094 116 2157 tis
136 2093 468 2175 mediatoribus...
496 2092 624 2158 Drusus
640 2095 804 2175 praesedit.
852 2094 898 2177 II,
922 2095 943 2158 6
969 2094 1070 2161 Silius
1091 2100 1120 2159 et
1141 2097 1299 2161 Auteuius

84 2204 97 2261 t
119 2196 253 2262 Ooeeiuu
274 2197 475 2278 summaudue
497 2199 590 2264 classi
605 2204 850 2302 praeponuntur.
891 2199 936 2284 ΙΙ,
961 2203 1002 2265 53
1024 2222 1142 2284 pouces
1164 2204 1227 2268 dies
1249 2204 1297 2266 iu-

82 2306 202 2386 umpsit
218 2303 396 2386 reficiendae
414 2303 512 2370 classi.
549 2304 612 2390 ΙΙΙ,
634 2308 650 2369 1
675 2307 741 2370 iliis
757 2327 872 2387 paucos
890 2307 954 2372 dies
972 2310 1173 2390 compoumdo
1192 2310 1298 2373 auimo

82 2411 208 2474 usumit.
263 2409 327 2493 III,
350 2411 393 2474 22
426 2412 537 2476 eaemit
562 2411 655 2476 etium
681 2411 825 2477 Drusum
851 2414 1002 2478 cumulem
1033 2416 1225 2497 desipuutum
1253 2416 1298 2480 di·
1346 2479 1348 2484 .

82 2519 181 2582 teudue
201 2518 307 2598 primo
335 2519 396 2583 ioco
418 2519 590 2584 sententiae
634 2517 692 2602 IV,
710 2519 752 2583 23
776 2518 829 2583 ubi
851 2521 1043 2602 impetrando
1062 2519 1299 2603 triumphalium

82 2625 188 2706 'resipui
208 2623 346 2705 sufficere
367 2643 415 2688 res
441 2643 515 2688 suus
537 2625 736 2690 crediderumt.
780 2624 837 2710 IV,
862 2621 909 2690 72²
936 2627 1074 2709 rependis
1095 2627 1213 2692 Frisiis
1240 2628 1298 2691 im-

83 2731 198 2810 positus.
234 2728 281 2793 VI
287 2779 296 2813 ,
314 2731 336 2793 4
358 2729 497 2811 sufficere
518 2731 621 2813 sperem
643 2733 813 2796 statuendis
835 2734 986 2798 remediis.
1027 2732 1123 2819 ΧΙΙΙ,
1142 2736 1161 2800 8
1186 2733 1298 2799 Corbu-

84 2858 171 2900 ouem
201 2837 376 2900 retinendos
407 2836 575 2902 Armeuiue
601 2843 832 2920 praeposterat.
878 2839 971 2923 XIII,
1004 2842 1044 2905 13
1076 2861 1168 2905 suum
1193 2842 1299 2922 potius

83 2943 241 3006 recticulum
269 2963 306 3006 uo
332 2944 436 3007 duum
464 2943 573 3023 offerre
599 2946 786 3026 emtepmdrs
814 2945 871 3030 (sc.
894 2942 950 3030 iis)
978 2968 1056 3028 quoe
1077 2949 1186 3028 primo
1214 2951 1299 3011 uetus

83 3055 101 3113 rt
127 3069 249 3114 sumum
273 3049 403 3129 fortuma
428 3055 605 3131 expeterent.
661 3049 755 3132 XIII,
778 3052 821 3115 39
849 3053 885 3116 iu
908 3054 1086 3118 testudinem
1109 3053 1298 3136 emrpiobutos

83 3157 241 3222 tumuerim
269 3155 351 3220 uuile
376 3157 502 3222 iudueit.
553 3156 625 3239 XV,
647 3158 691 3222 44
723 3159 867 3224 moieude
900 3163 1021 3226 rumori
1047 3160 1131 3225 Nero
1163 3161 1301 3226 subdidit

147 3334 172 3399 1)
194 3329 255 3384 Stil.
274 3328 365 3384 Tacit.
384 3336 399 3396 §
419 3337 478 3386 206.

163 3418 405 3485 )Gremmutischc
416 3417 570 3490 Streifziige
583 3419 613 3475 in
630 3420 763 3477 Zeitschr.
773 3422 819 3476 fiir
834 3422 1090 3492 Gymnasialwesen
1107 3429 1182 3479 1858.
1198 3441 1225 3492 p.
1238 3429 1299 3478 549.

163 3510 173 3576 )
192 3507 272 3574 Quod
291 3507 327 3561 ad
345 3509 437 3561 totam
455 3507 581 3562 Eduardi
600 3509 705 3564 Wolifii
724 3509 990 3564 commentationem
1009 3510 1133 3579 pertinet
1155 3510 1298 3580 iudicium,

83 3598 150 3650 idem
169 3597 252 3651 etiam
271 3596 450 3650 confirmatur
469 3595 560 3666 capita
580 3595 643 3665 illo,
664 3597 712 3652 ubi
731 3597 861 3667 gerundii
880 3597 1082 3667 gerundivique
1101 3597 1250 3667 genetivus
1269 3602 1299 3654 et

83 3686 188 3741 dativus
205 3685 348 3740 tractatur.
380 3686 491 3739 tantum
507 3685 580 3740 enim
600 3687 692 3757 abest,
712 3687 744 3740 ut
758 3686 949 3756 exemplorum
964 3685 1058 3775 copip,
1078 3703 1149 3754 quae
1168 3686 1299 3758 sufficiat,

83 3777 208 3844 congesta
225 3774 275 3842 sit,
296 3775 328 3828 ut
345 3774 463 3829 historia
482 3773 699 3843 uniuscuiusque
720 3777 876 3829 structurae
899 3792 1013 3844 prorsus
1035 3790 1091 3829 non
1116 3775 1298 3831 describatur.

83 3863 178 3918 desunt
195 3863 268 3918 enim
287 3862 354 3917 illac
378 3862 501 3920 rationes
521 3880 554 3917 ex
573 3863 696 3919 omnium
720 3865 911 3935 exemplorum
930 3863 1140 3935 comparatione
1159 3865 1298 3935 inventae,

84 3951 176 4020 quibus
190 3951 341 4022 suppositis
355 3951 489 4008 transitus
504 3970 596 4008 rerum
610 3952 857 4008 usitatissimarum
871 3952 907 4007 ad
921 3952 1071 4009 inusitatas
1086 3954 1220 4009 facillime
1235 3972 1298 4010 con·

84 4039 157 4094 stitui
169 4042 268 4110 potest.
291 4041 321 4095 in
334 4041 389 4094 hac
399 4041 479 4096 enim
493 4059 523 4096 re
538 4044 622 4098 cardo
633 4042 759 4099 vertitur.
784 4059 869 4110 quare
884 4041 908 4095 si
918 4041 1006 4096 Wolff
1017 4041 1047 4095 in
1060 4043 1207 4098 tractanda
1216 4061 1299 4113 gene-

84 4128 131 4184 rivi
146 4127 252 4197 syntaxi
266 4145 329 4184 eam
343 4129 418 4184 viam
436 4129 577 4201 ingressus
593 4131 680 4200 esset,
700 4148 783 4199 quam
796 4131 828 4187 Ε.
841 4130 992 4185 Hoffmann
1010 4130 1191 4198 monstravit,
1210 4130 1299 4200 (cuins

84 4235 145 4272 sane
163 4217 304 4288 egregium
324 4219 358 4273 de
377 4218 430 4273 hac
448 4236 478 4274 re
493 4219 750 4275 commentariolum
769 4220 830 4274 viro
849 4219 893 4274 illi
911 4219 1076 4274 doctissimo
1095 4219 1222 4276 innatum
1239 4238 1298 4276 esse

84 4305 196 4375 videtur)
218 4308 263 4362 vel
285 4307 315 4361 in
333 4309 480 4362 tractando
503 4308 594 4363 dativi
616 4325 669 4362 usu
692 4309 797 4364 similes
821 4311 906 4378 atque
929 4327 980 4365 nos
1003 4309 1153 4365 statuimus
1176 4309 1299 4366 rationes

84 4399 186 4450 secutus
209 4399 292 4465 esset,
322 4398 357 4452 de
381 4397 474 4452 Taciti
495 4415 547 4451 usu
570 4397 705 4466 loquendi
733 4398 898 4468 explicando
925 4400 1045 4454 fortasse
1072 4397 1187 4454 meritus
1216 4400 1298 4454 esset.

84 4503 152 4539 nunc
175 4488 266 4541 autem
289 4486 318 4539 id
341 4487 536 4542 tantummodo
556 4487 690 4556 cernitur,
713 4488 878 4556 quantulum
897 4487 1029 4542 utilitatis
1047 4489 1166 4557 habeat,
1190 4487 1214 4541 si
1237 4487 1298 4555 quis

84 4571 225 4643 linguam
240 4573 436 4631 Tacitinam
451 4574 523 4646 (Die
534 4575 683 4646 Sprache
699 4577 755 4630 des
766 4575 921 4646 Tacitus,
935 4577 1298 4647 ProgrammderWdhler-

87 4663 175 4718 schule
191 4681 222 4718 au
240 4664 392 4720 Frankfurt
409 4663 472 4738 alli.
494 4669 573 4736 1879)
597 4665 625 4720 in
644 4665 755 4736 paginis
775 4682 823 4721 sex
846 4667 876 4722 et
898 4665 1000 4736 viginti
1022 4666 1168 4724 absolvere
1186 4667 1298 4724 audeat.

145 3427 161 3472 2

146 3515 162 3560 3
