3300 5224
483 313 525 366 De
544 311 757 382 participiorum
775 327 827 365 usu
845 309 1047 381 praedicativo.
1316 309 1377 376 lll

149 484 228 545 colo.
263 477 313 563 ΙΙ,
327 477 369 542 39
387 476 524 558 profecto
542 475 721 540 Brixellum
742 474 866 539 Othone
902 473 948 559 ΙΙ,
966 475 1005 538 16
1028 475 1187 556 dispressls
1207 474 1262 556 qni
1280 473 1380 538 Poca-

150 588 237 650 rieun
259 583 504 666 frequentabunt
540 581 569 665 Ι,
592 582 636 646 34
658 583 784 646 vudum
807 601 922 664 epresso
945 580 1065 646 Pisone.
1102 578 1134 644 H
1141 631 1150 664 ‚
1169 580 1212 646 22
1234 584 1300 643 orto
1322 580 1379 643 dir.

151 692 199 773 ΙΙ,
224 692 267 756 23
291 694 440 772 comperto
463 689 596 754 ludium
619 689 735 752 itinere.
772 687 836 771 ΙΠ,
861 687 902 751 79
931 687 1019 752 ceteri
1039 687 1131 768 foeda
1151 689 1229 768 fupa
1251 690 1380 750 muster-

150 803 271 863 riaolnr
293 818 358 862 noo
385 797 471 861 ultro
493 796 631 860 Fidenas
657 795 767 864 secutis
792 794 965 860 velumus
1005 792 1068 872 ΙΙΙ,
1091 794 1135 858 84
1161 794 1197 857 irc
1220 792 1381 857 Palatium

151 907 324 988 repreditcr
335 909 462 968 cestim
480 904 687 983 desertumque
709 901 840 984 dilapsis
857 901 950 965 eliam
973 901 1092 982 infimis
1110 899 1303 964 seruitiorum
1326 902 1383 962 orl

152 1033 312 1077 occursum
334 1012 399 1075 eius
426 1009 658 1075 declinantibus.
709 1006 748 1090 V,
772 1008 792 1071 3
823 1012 895 1072 orto
917 1029 976 1090 per
1003 1008 1176 1091 Aeppptum
1204 1007 1271 1071 tabe
1294 1057 1300 1070 .
1320 1058 1326 1071 .
1346 1055 1380 1070 ..

151 1140 253 1201 repom
271 1117 477 1182 Boocliorom
496 1168 503 1182 .
523 1165 531 1182 .
550 1166 557 1180 .
577 1165 584 1180 .
602 1135 740 1198 purpure
761 1134 888 1198 reprom
906 1119 934 1179 el
951 1116 986 1179 id
999 1135 1096 1197 penus
1114 1115 1274 1180 lominum
1293 1161 1300 1178 .
1320 1163 1327 1177 .
1346 1162 1380 1178 ..

151 1225 278 1290 coelom
300 1225 428 1289 iussum.

241 1329 332 1396 Haec
345 1329 441 1396 nobis
455 1328 601 1411 exempla
615 1328 700 1412 apud
714 1328 862 1392 Tacitum
880 1331 1009 1411 praesto
1029 1330 1113 1406 sunt,
1134 1327 1188 1412 qui
1203 1327 1334 1393 omnino
1352 1327 1380 1390 is

152 1437 294 1521 scriptor
312 1459 382 1500 esse
400 1436 535 1519 videtur,
553 1435 608 1518 qui
626 1433 717 1498 illum
731 1457 826 1499 usum
841 1434 998 1519 singulari
1012 1433 1120 1499 studio
1141 1435 1306 1518 amplexus
1321 1439 1382 1498 est.

245 1543 339 1627 Apud
363 1539 552 1607 Sallustium
576 1541 638 1606 duo
662 1541 870 1605 inveniuntur
892 1540 964 1605 loci.
1009 1538 1078 1605 Oet.
1104 1541 1136 1624 7,
1156 1540 1176 1603 3
1200 1541 1253 1606 sed
1274 1540 1382 1604 civitas

150 1655 325 1715 mammolo
356 1649 531 1714 incredibile
561 1654 606 1714 est
635 1650 746 1732 adepto
779 1639 920 1714 literlcle¹
946 1653 1098 1729 quonium
1135 1648 1216 1712 breed
1249 1648 1382 1711 necuit.

150 1757 224 1840 Ing.
251 1756 323 1839 103,
343 1756 361 1819 l
384 1757 457 1821 deire
479 1755 570 1820 Sulla
593 1757 698 1820 omnio
716 1753 854 1838 pollicito
867 1755 948 1823 docti
965 1753 1113 1836 wercede
1132 1756 1218 1836 opud
1233 1754 1380 1818 Marium

149 1865 227 1928 item
254 1863 340 1945 oprid
365 1867 504 1928 emotum
529 1863 620 1926 emto
641 1863 777 1943 facerent
798 1863 917 1927 circiter
939 1862 1003 1926 dies
1029 1862 1238 1944 quadruplata
1269 1861 1380 1924 ibidem
1461 1897 1466 1907 .

149 1970 366 2052 opperiemur.
416 1969 502 2052 apud
536 1961 698 2034 Velleiu1i1
729 1992 822 2034 unus.
872 1968 918 2052 ΙΙ,
946 1969 988 2033 29
1026 1969 1195 2051 msploodis
1227 1968 1382 2032 emunitus

149 2097 281 2142 morea
300 2077 417 2141 meere

246 2181 358 2266 Neque
390 2182 476 2266 apud
505 2180 677 2248 Caesarem
701 2180 890 2248 Ciceronem
918 2183 999 2248 alios
1028 2183 1119 2247 illum
1149 2203 1241 2246 usum
1270 2183 1382 2244 tautae

151 2288 381 2372 amplitudinis
403 2309 473 2353 esse
495 2291 637 2374 quantae
661 2290 705 2354 sit
728 2290 812 2374 apud
836 2289 989 2354 Tacitum
1005 2311 1043 2353 ex
1067 2287 1208 2373 Rumpfii
1231 2288 1381 2353 disserta·

152 2397 246 2461 tione
269 2399 363 2460 etex
385 2398 500 2466 nostra
523 2397 742 2480 exemplorum
766 2397 956 2462 collectione
980 2393 1151 2481 apparet.¹)

245 2500 314 2566 Iam
344 2503 371 2566 si
396 2502 541 2585 exempla
559 2501 709 2567 Tacitiua
733 2503 912 2568 accuratius
935 2503 1183 2585 perlustraveris
1206 2502 1317 2568 nescio
1339 2522 1382 2564 an

153 2609 273 2674 mirum
297 2609 456 2691 videatur,
483 2609 569 2692 quod
593 2609 758 2674 adunam
779 2609 890 2674 omnia
914 2631 952 2672 ex
976 2609 1152 2674 maioribus
1176 2609 1282 2673 Taciti
1306 2608 1383 2672 scri-

154 2716 224 2799 ptis
247 2719 376 2799 sumpta
404 2720 492 2797 sunt,
520 2716 611 2780 cuius
635 2717 682 2781 rei
710 2738 750 2782 ca
777 2715 952 2782 manifesta
979 2737 1077 2780 causa
1104 2719 1168 2799 est,
1197 2715 1282 2800 quod
1310 2736 1382 2780 eum

154 2844 234 2896 usus
257 2822 423 2907 loquendi,
447 2822 556 2906 vqualis
583 2823 618 2887 iu
641 2823 820 2890 minoribus
844 2846 896 2908 qu.
919 2823 948 2888 d.
979 2823 1108 2917 scriptis
1139 2826 1287 2908 apparet,
1315 2844 1383 2886 non

155 2928 316 3014 perlectus
339 2931 373 2993 et
395 2929 540 2994 excultus
564 2933 627 3016 est,
655 2935 725 2996 tum
748 2933 910 2995 structura
937 2930 1002 2994 abl.
1026 2929 1093 2994 abs.
1125 2951 1183 3012 per
1213 2951 1247 2993 se
1276 2928 1382 3012 magis

156 3036 265 3100 aliena
293 3039 344 3102 est
369 3036 410 3100 ab
438 3036 478 3100 iis
503 3036 644 3121 scriptis,
672 3023 728 3102 ubi
756 3058 822 3102 nou
849 3041 917 3100 tam
940 3035 1106 3119 narrandi,
1140 3057 1237 3118 quam
1266 3034 1383 3100 descri-

155 3142 254 3208 bendi
276 3143 361 3208 ratio
385 3143 478 3208 valet.
505 3179 546 3190 —-
571 3144 631 3208 His
654 3165 735 3228 quae
754 3144 947 3228 protulimus
969 3141 1096 3207 utinam
1120 3142 1287 3225 paululum
1311 3163 1383 3206 con·

156 3249 327 3314 tulerimus
350 3248 392 3312 ad
415 3250 634 3332 quaestionem
658 3249 920 3334 persolvendam,
943 3249 1058 3333 quibus
1082 3248 1200 3313 finibus
1224 3271 1301 3313 usus
1326 3248 1381 3313 ab·

156 3356 250 3421 lativi
278 3357 419 3422 absoluti
447 3356 580 3440 perfecti
607 3357 879 3440 temporisverb.
907 3355 1022 3438 depon.
1049 3355 1224 3420 secundum
1253 3356 1383 3439 linguae

158 3460 293 3527 natiuae
315 3467 467 3528 naturam
491 3463 704 3528 contineatur.
722 3550 758 3594 u

159 3655 191 3723 0.
214 3658 259 3721 De
273 3656 418 3723 ablativo
433 3656 582 3724 absoluto
595 3657 763 3741 participii
777 3657 838 3723 fut.
851 3657 954 3724 activi
967 3656 1138 3723 verborum
1152 3656 1384 3742 deponentium.

248 3799 431 3866 Nemodum
458 3800 492 3864 ni
520 3801 616 3866 fallor
647 3802 822 3886 quaesivit,
851 3823 933 3865 uum
956 3802 1126 3866 verborum
1154 3801 1384 3887 deponentium

157 3905 330 3992 partieipia
359 3908 460 3972 futiri
493 3906 589 3972 activi
619 3907 654 3970 in
682 3907 833 3972 absoluta
864 3908 1027 3991 positione
1055 3909 1189 3973 omuino
1217 3908 1383 3974 invenian-

157 4018 220 4078 tur.
265 4035 303 4080 ac
334 4014 474 4080 fortasse
508 4037 547 4079 ex
576 4037 613 4078 co
652 4015 739 4100 ipso,
775 4015 860 4099 quod
892 4036 987 4078 nemo
1018 4015 1102 4081 hanc
1138 4039 1206 4080 rem
1240 4016 1384 4081 animad-

157 4119 270 4205 vertit,
300 4121 489 4206 cognoveris
518 4123 724 4206 perangustis
757 4122 876 4186 finibus
908 4121 999 4186 illum
1032 4145 1127 4188 usum
1156 4122 1384 4189 circumscribi.

157 4249 258 4291 unum
286 4228 512 4293 tantummodo
545 4229 727 4313 exemplum
754 4229 820 4292 iam
853 4251 950 4312 supra
981 4229 1115 4294 allatum
1148 4229 1242 4294 nobis
1269 4233 1383 4293 uotum

158 4339 215 4397 est.
253 4333 355 4400 Tacit.
377 4335 454 4400 hist.
477 4335 524 4418 ΙΙ,
548 4335 591 4399 86
618 4336 749 4426 scriptae
771 4335 806 4400 iri
834 4335 1043 4401 Britdnrciam
1064 4339 1108 4402 od
1132 4335 1384 4418 quartodecimo-

232 4564 257 4629 1)
278 4561 368 4627 Quam
386 4562 495 4617 incerto
513 4561 570 4617 sint
588 4578 659 4630 quae
678 4562 804 4633 Draeger
823 4564 857 4620 de
875 4565 928 4619 hac
948 4563 1066 4619 materia
1084 4567 1099 4629 ξ
1119 4569 1170 4618 212
1191 4563 1310 4619 disserat
1327 4580 1384 4618 nou

158 4667 241 4705 nemo
259 4649 417 4720 intelleget.
