3330 5228
296 267 340 330 34
835 267 925 337 caput
943 268 978 322 Π.

291 430 431 496 stcadam
453 430 534 494 aelli
552 431 667 495 aderat.
703 429 750 512 ΙΙ,
770 431 810 494 61
834 451 888 495 acc
905 429 1024 495 Planco
1044 431 1151 514 qratia
1173 431 1270 512 defait
1288 434 1331 496 ad
1352 433 1522 514 impetran-

291 538 373 602 dam.
410 535 456 620 Π,
478 537 538 600 101
564 538 638 602 aliis
654 537 825 619 praetactis
847 539 890 602 ad
910 539 1069 604 uisendam
1091 539 1188 602 obitis.
1231 536 1307 602 Sall.
1333 537 1401 603 Cat.
1421 539 1522 622 26,2

291 663 385 724 33333
406 645 456 708 illi
479 649 581 709 tamea
599 645 642 708 ad
658 644 825 708 candidam
843 643 930 710 dolas
948 649 1004 708 aal
1021 644 1154 709 33131133
1171 647 1303 710 deerant.
1341 645 1400 726 52,
1418 645 1458 710 15
1477 647 1525 710 ad

290 750 510 830 defendendam
538 753 671 816 minores
703 771 780 834 opes.
826 750 896 836 Iug.
923 751 976 828 14,
1002 751 1019 814 1
1052 752 1081 815 31
1112 752 1156 815 ad
1180 751 1409 832 impetrandam
1437 751 1521 816 31131
1649 832 1650 843 ¹

291 870 399 921 caasac
421 856 569 922 actaea.
612 858 668 941 30,
687 857 707 920 3
731 856 764 922 0.
784 856 953 920 Memmius
976 905 1009 920 ..
1031 906 1063 921 ..
1086 857 1277 922 contionibus
1299 859 1343 924 ad
1357 860 1519 922 31311333-

290 964 364 1027 dam
381 963 509 1029 hortari.
547 964 589 1029 59
596 1015 604 1047 ,
626 965 642 1026 l
663 955 849 1045 priusquam
868 965 911 1027 ad
926 965 1132 1047 paaaaadam
1150 965 1346 1046 3333133133.
1382 965 1458 1030 hist.
1476 964 1520 1048 H,

290 1071 392 1154 41,4
422 1091 517 1152 acqac
548 1091 599 1153 333
631 1069 776 1134 callidam
806 1069 989 1148 facundiam
1022 1071 1149 1134 3333331.
1199 1070 1259 1153 IV,
1279 1071 1335 1155 61,
1362 1071 1402 1135 16
1434 1092 1520 1136 nanc

290 1165 399 1258 quaeso
431 1177 589 1242 3333131333
615 1176 702 1242 cobis
733 1177 882 1258 oppressis
908 1181 1014 1240 313331
1049 1177 1217 1258 firmiorem
1245 1183 1272 1242 13
1298 1179 1342 1243 31
1371 1179 1518 1243 33313133-

290 1285 365 1348 dam
388 1304 430 1348 aa
453 1285 546 1366 daem
570 1283 640 1348 belli
659 1284 803 1364 sociarum
819 1287 918 1365 pates.
1431 1279 1436 1286 '

867 1515 939 1594 §d

310 1649 359 1703 De
382 1615 547 1716 gerundio
572 1649 666 1718 quod
688 1648 859 1718 dependet
882 1661 902 1702 3
924 1647 1134 1716 nominibus,
1157 1649 1345 1718 antestitis,
1368 1649 1491 1706 verbis.

380 1781 427 1846 Ut
460 1781 664 1846 substantive
697 1803 735 1845 ex
768 1781 995 1866 substantivis,
1028 1782 1207 1867 adiectivis,
1239 1783 1344 1848 verbis
1377 1783 1515 1867 pendere

291 1892 443 1973 possunt,
479 1889 526 1952 113
558 1888 655 1953 etiam
688 1887 896 1970 perticipium
933 1886 1034 1952 futuri
1065 1888 1186 1971 passivi
1219 1890 1416 1954 substantivi
1448 1890 1516 1971 vice

291 1995 429 2080 fungens
448 1995 468 2060 i.
487 2016 514 2060 3.
537 1994 736 2080 gerundium.
774 2015 968 2078 quamquem
987 1993 1020 2057 id
1039 1994 1246 2059 statuendum
1266 1999 1314 2060 est
1333 1996 1515 2080 discrimen,

291 2103 376 2187 3331
400 2123 518 2187 genere
545 2101 689 2188 genetivi
717 2100 863 2185 gerundii
889 2123 956 2165 non
984 2105 1053 2165 tam
1076 2102 1166 2166 varia
1195 2107 1284 2187 sunt,
1315 2126 1412 2188 quam
1442 2104 1515 2167 sub-

292 2209 432 2274 stantivi.
473 2209 600 2293 patebit
626 2208 711 2273 enim
735 2244 777 2254 —-
805 2208 838 2272 id
868 2208 953 2292 quod
981 2229 1020 2272 ex
1047 2212 1165 2274 natura
1193 2209 1340 2295 gerundii
1368 2211 1441 2294 ipsa
1469 2212 1514 2274 in-

290 2316 455 2402 tellegitur
470 2353 513 2364 —
532 2315 718 2400 genetivum
738 2314 933 2380 obiectivum
953 2315 1131 2400 principem
1152 2320 1185 2381 31
1201 2318 1306 2382 solum
1324 2316 1390 2382 fere
1409 2317 1514 2381 locum

290 2426 408 2488 tenere.

545 2546 572 2600 Ι.
591 2545 635 2598 Be
655 2544 794 2612 genetivo
814 2545 867 2614 qui
885 2545 996 2614 pendet
1014 2559 1032 2599 3
1050 2544 1259 2602 substantivis.
1368 2504 1372 2514 l

381 2653 657 2730 Quemadmodum
676 2655 824 2739 genetivo
845 2655 1018 2738 obiectivo,
1041 2677 1104 2740 quo
1125 2656 1365 2720 substantivum
1384 2654 1515 2742 aliquod

291 2761 407 2846 utitur,
437 2761 626 2846 designatur
649 2783 790 2844 persona
813 2765 958 2845 autres,
986 2761 1027 2825 ed
1050 2784 1146 2845 quum
1171 2762 1412 2827 substantivum
1435 2762 1516 2825 illud

292 2871 414 2932 certem
433 2868 594 2954 quandam
613 2868 679 2931 vim
699 2869 804 2954 affert,
826 2869 873 2934 113
892 2867 1040 2954 gerundii
1058 2868 1207 2954 genetivo
1227 2869 1388 2934 obiectivo
1407 2867 1517 2932 defini-

290 2977 344 3039 tur
373 2976 471 3058 33113,
503 2996 584 3060 3333
614 2975 774 3039 obiectum
801 2974 887 3061 quod
917 2974 1034 3039 dicitur
1061 2975 1147 3038 illius
1172 2975 1368 3040 substantivi
1392 2978 1449 3040 est.
1475 3010 1512 3019 -

291 3078 352 3146 sed
376 3104 438 3166 quo
462 3081 589 3146 facilius
616 3081 659 3145 311
681 3082 848 3166 ingentem
873 3081 1090 3164 exemplorum
1118 3103 1287 3146 numerum
1310 3082 1516 3166 perlustrare,

291 3189 564 3273 certa-quaedam
593 3173 713 3274 'genera
741 3189 939 3273 distinguere
967 3208 1047 3270 opus
1078 3192 1136 3252 est.
1177 3192 1273 3272 atque
1301 3210 1374 3252 cum
1403 3209 1516 3252 omnes

291 3295 431 3379 genetivi
455 3295 601 3381 gerundii
626 3295 666 3359 ad
693 3295 841 3360 verbales
864 3294 1029 3377 notiones,
1057 3316 1139 3377 3333
1167 3295 1202 3358 13
1226 3294 1439 3360 substantivis
1463 3316 1516 3357 ex-

291 3405 392 3487 31331,
420 3403 458 3467 13
482 3403 597 3489 quibus
621 3400 763 3487 genetivi
787 3401 984 3484 dependent,
1011 3400 1155 3464 revocari
1183 3400 1325 3484 possint,
1359 3401 1416 3464 1113
1443 3400 1516 3484 ipse

290 3510 449 3574 rationem
481 3509 623 3574 indicare
660 3508 821 3592 videntur,
859 3506 1033 3572 secundum
1069 3529 1166 3591 quam
1203 3510 1307 3572 totam
1345 3506 1514 3571 materiem

291 3614 508 3699 disponemus.

290 3827 328 3890 A.
358 3825 529 3894 Genetivns
547 3827 664 3930 pendet
683 3845 702 3893 3
720 3826 939 3905 substantivo,
958 3824 1049 3890 cuius
1067 3825 1155 3890 notio
1174 3823 1316 3890 verbulis
1330 3825 1514 3906 genetivum

415 3942 418 3948 '
681 3931 690 3954 '
813 3929 983 3997 desideret.

379 4075 430 4141 Ex
449 4075 602 4142 Sallustio
622 4081 656 4140 et
669 4077 794 4144 Velleio
817 4076 952 4158 nullum,
970 4097 1009 4138 ex
1023 4074 1135 4139 Tacito
1154 4096 1255 4139 unum
1273 4075 1514 4140 substantivum

289 4185 413 4268 pudor
441 4182 504 4248 huo
534 4184 681 4268 pertinet.
734 4183 817 4248 sicut
849 4183 926 4246 hist.
953 4181 981 4265 1,
1013 4183 1053 4246 18
1088 4182 1152 4263 ipsc
1178 4183 1214 4246 ia
1243 4201 1387 4264 suspenso
1418 4182 1517 4246 133311

289 4431 426 4500 Exempla
449 4446 483 4484 ex
506 4428 616 4498 seriptis
636 4427 790 4498 Ciceronis,
817 4427 956 4495 Caesaris,
980 4427 1111 4496 Vergilii,
1134 4427 1269 4495 Lucretii,
1293 4426 1380 4494 Livii,
1405 4425 1512 4492 Quinti-

289 4518 371 4584 liani,
395 4518 506 4584 Iustini,
531 4517 629 4583 Gellii,
652 4518 753 4587 quibus
773 4516 899 4572 omnibus
922 4514 973 4569 illa
995 4515 1190 4585 interpretatio
1209 4517 1357 4586 probetur,
1381 4515 1458 4569 113113
1476 4515 1513 4570 eal

289 4605 357 4660 Sull.
378 4606 437 4676 lug.
457 4612 503 4672 62,
523 4613 539 4660 8
558 4605 681 4676 collegit.
