3300 5224
606 325 755 396 Appendix
774 325 880 380 critica.
1290 322 1354 386 129

123 489 255 554 huiusce
285 491 368 554 modi
397 490 521 571 saepiam
547 489 679 554 dicundo
706 489 875 552 Memmius
898 488 1014 569 populo
1035 489 1209 569 persuadet.
1253 488 1311 569 46,
1333 487 1355 550 4

123 597 230 659 multa
247 596 420 677 pollicendo
432 595 607 676 persuadet.
645 595 736 677 70‚2
759 596 864 659 ommia
887 595 1060 676 temptando
1083 597 1199 658 socium
1221 595 1282 658 sibi
1303 595 1357 658 ud-

124 703 234 784 iuuail
260 702 463 766 Nabdalsam.
509 701 566 783 81,
588 701 610 764 4
637 721 675 763 uc
701 719 806 764 morae
831 700 978 782 wibaudo
1005 700 1096 764 aliud
1119 721 1214 782 quam
1246 700 1357 764 bellum

124 809 244 873 mallet.
285 809 341 892 85,
364 809 406 872 21
437 829 551 886 aomrm⁸
567 803 756 891 (maiorum)
789 806 875 886 sada
901 808 1096 870 memorando
1123 807 1268 872 clariores
1295 828 1358 872 sese

119 919 252 995 putaui.
288 915 344 998 85,
359 915 402 978 36
425 912 498 978 11111
520 919 611 996 atque
633 915 712 978 talia
734 915 866 977 maiores
888 914 980 978 uestri
999 913 1148 994 faciundo
1170 934 1259 996 seque
1279 936 1357 978 rem-

120 1022 286 1102 publicam
304 1022 493 1086 celebravere.
533 1021 589 1102 89,
606 1023 623 1084 1
642 1020 788 1100 prucuria
806 1021 983 1084 ostentando
1000 1026 1136 1084 avortere
1157 1021 1197 1085 ab
1213 1020 1357 1086 1111111111.

125 1128 204 1191 hist
229 1126 258 1211 Ι,
276 1128 333 1211 48,
357 1128 378 1191 6
400 1128 461 1194 abi
482 1129 608 1210 qumque
630 1148 699 1208 opes
721 1131 777 1192 uui
793 1128 973 1208 patrocinia
995 1128 1173 1209 quaerundo
1195 1130 1357 1194 consilium

121 1234 287 1316 publicum
309 1239 548 1316 corrumpemui.
584 1233 626 1311 11,
640 1233 728 1313 96,2
748 1233 848 1313 sessim
865 1234 1028 1300 scmbuudo
1045 1235 1255 1316 mittundoque
1277 1235 1357 1317 lepa-

127 1346 183 1406 ios.
231 1339 294 1418 III,
318 1340 375 1423 61,
401 1341 441 1403 16
473 1360 588 1422 maqua
614 1340 672 1403 illa
699 1340 859 1404 cousulum
885 1342 1017 1422 imperia
1043 1346 1072 1406 ct
1088 1347 1218 1423 patrum
1239 1342 1358 1405 (decreta

126 1467 181 1511 uos
200 1446 388 1527 exsequendo
409 1451 482 1510 ruta
499 1446 629 1529 efficitis.
669 1445 726 1527 IV,
741 1446 793 1525 61,
807 1446 851 1510 20
873 1448 1013 1511 audendo
1030 1453 1059 1512 el
1073 1448 1216 1528 salluudo
1234 1453 1264 1512 ei
1280 1449 1359 1512 bella

125 1575 165 1619 ea
189 1553 278 1618 bellis
299 1553 424 1616 serendo
446 1553 555 1635 umyui
574 1553 661 1633 facti.

522 1960 766 2063 Appendix
794 1958 973 2041 critica.

695 2141 801 2149 -ο

162 2296 242 2351 Tae.
266 2309 342 2350 ann.
366 2295 416 2363 11,
439 2297 469 2350 8.
505 2293 574 2360 111,
597 2293 649 2348 66.
685 2292 753 2360 m,
776 2293 829 2347 55.
864 2292 962 2360 xm,
986 2295 1037 2349 26.
1074 2293 1328 2363 vell.11,1oe.

223 2455 300 2511 Tae.
324 2469 400 2510 ann.
419 2455 508 2522 11‚e
535 2444 689 2508 Emutum
715 2445 750 2507 iu
777 2464 824 2521 eo,
850 2445 932 2526 quod
953 2465 1015 2509 mom
1041 2447 1179 2510 subuertit
1203 2451 1233 2510 et
1259 2452 1359 2510 traus-

125 2553 237 2636 posuii
258 2553 388 2617 militem
410 2553 534 2616 deutrus
555 2553 591 2615 iu
614 2556 712 2615 terras
734 2552 861 2615 iturum.
995 2603 998 2608 ,
1394 2625 1400 2634 ,

225 2659 276 2723 De
299 2660 360 2724 hoc
383 2660 454 2724 loeo
478 2658 671 2722 difficillimo
691 2657 880 2741 opinionum
900 2681 982 2743 quae
1002 2663 1132 2724 exstant
1154 2659 1216 2724 duo
1240 2682 1360 2746 genera

131 2760 231 2831 facile
251 2766 445 2850 distinguas,
468 2764 663 2849 adquorum
682 2764 819 2827 alterum
839 2768 965 2846 spectat
983 2763 1197 2849 Nipperdeyi,
1220 2767 1262 2831 ad
1281 2768 1361 2831 alte-

130 2895 209 2937 rum
223 2872 376 2936 Pfitzneri
384 2869 408 2956 ¹)
427 2871 663 2954 interpretatio.
701 2869 757 2934 sed
775 2870 870 2934 nobis
888 2871 1017 2955 quidem
1037 2871 1098 2934 viri
1116 2872 1165 2935 illi
1184 2872 1362 2938 doctissimi

131 2981 221 3044 iusto
249 2980 379 3064 longius
405 2979 570 3064 progressi
598 2999 668 3042 esse
695 2977 854 3042 videntur.
904 2978 1075 3043 verborum
1103 2979 1190 3043 enim
1224 3002 1361 3064 quorum

132 3086 215 3150 fides
243 3085 277 3149 in
300 3085 432 3150 dubium
455 3088 588 3149 vocatur
615 3106 718 3169 neque
745 3087 918 3167 utrumque
941 3105 958 3148 e
980 3089 1073 3150 textu
1098 3087 1277 3151 eiciendum
1307 3109 1361 3150 ne-

133 3214 200 3278 que
223 3196 394 3276 utrumque
416 3191 619 3257 retinendum
643 3196 702 3256 est.
738 3214 815 3256 nam
842 3194 933 3255 totus
963 3194 1198 3259 sententiarum
1222 3217 1363 3260 conexus

134 3300 299 3383 postulat,
322 3304 359 3363 ut
380 3322 443 3364 vox
465 3299 637 3364 Amisiae
660 3303 697 3363 ul
719 3299 834 3363 inutile
857 3298 981 3362 librarii
1005 3299 1140 3364 alieuius
1164 3301 1362 3366 additamen-

132 3411 208 3470 tum
225 3410 442 3491 remoueatur,
465 3410 500 3471 at
517 3407 650 3472 verbum
670 3406 865 3490 subrexit,
888 3405 973 3488 quod
992 3428 1012 3470 a
1030 3408 1141 3472 multis
1160 3431 1220 3492 pro
1240 3409 1362 3492 glosse-

134 3516 224 3576 mate
247 3512 398 3595 habetur‚
421 3517 576 3596 tauquam
599 3513 779 3578 membrum
802 3512 958 3576 orationis
982 3513 1121 3577 maxime
1144 3516 1362 3579 necessarium

134 3619 323 3683 retineatur.
360 3622 456 3702 atque
475 3623 551 3683 ante
570 3620 680 3684 omnia
698 3619 875 3704 quaeritur,
897 3618 974 3702 quid
998 3620 1059 3683 sibi
1081 3622 1157 3685 velit
1177 3621 1364 3705 Amisiae,

136 3747 235 3809 quem
259 3747 329 3789 esse
351 3725 473 3809 locum,
495 3727 665 3790 castellum
683 3726 823 3790 Pfitzner
846 3747 884 3789 ex
908 3726 1171 3793 antecedentibus
1195 3729 1240 3794 ad
1260 3729 1366 3793 Ami·

136 3833 234 3896 siam
262 3831 408 3896 flumen
429 3833 577 3897 concludi
600 3854 695 3916 posse
727 3854 786 3916 pro
814 3836 901 3896 certo
929 3832 1038 3897 habet
1081 3833 1234 3900 Pfitzneri
1262 3837 1361 3900 verba

136 3942 228 4002 sunt:
276 3939 401 4004 Tacitus
427 3939 483 4003 luri
508 3941 562 4004 der
587 3938 821 4003 irrtbiimlrcbeu
847 3937 1047 4022 Ausfacsuup
1073 3961 1133 4005 oou
1162 3942 1289 4006 Amisia
1315 3943 1364 4006 als

136 4047 217 4127 flues
243 4046 380 4110 daaurm
409 4045 600 4128 biulduplicb
627 4045 817 4129 1119111191,
848 4047 922 4110 dass
948 4066 982 4109 er
1012 4047 1061 4110 die
1087 4048 1173 4130 Lupe
1203 4049 1255 4112 des
1284 4053 1363 4112 ortes

137 4151 237 4218 durcb
268 4155 319 4218 eiu
349 4153 581 4236 maobfolpeudes
613 4153 696 4216 laeuo
728 4173 820 4216 omue
856 4152 1023 4217 bereicbuei
1058 4155 1125 4217 uud
1153 4153 1234 4218 uacl
1265 4155 1365 4218 ciuem

137 4281 172 4324 so
195 4259 267 4324 ebeu
288 4259 545 4344 omlrcrqebeudeu
567 4261 611 4323 ad
630 4260 789 4324 Amisiam
814 4260 930 4340 flumem
956 4259 1043 4324 baum
1069 4260 1154 4324 111111
1181 4266 1271 4325 1111111
1297 4263 1365 4326 dcru

139 4368 257 4432 blosseu
284 4367 426 4432 Amisiae
453 4369 507 4432 der
536 4367 614 4448 {lues
644 4367 755 4430 udeder
784 4368 966 4432 uastaudcu
997 4369 1129 4445 werden,
1162 4368 1210 4432 eui
1240 4374 1366 4433 senten-

139 4475 207 4538 tiae
230 4495 298 4537 non
320 4475 528 4556 assentimur,
554 4495 631 4536 nam
655 4495 751 4557 quam
774 4473 960 4557 opinionem
984 4474 1123 4537 Pfitzner
1145 4473 1287 4539 refutare
1309 4499 1365 4540 ro-

215 4653 240 4720 1)
259 4650 312 4704 Die
330 4648 458 4702 Annalen
476 4648 525 4702 des
544 4646 659 4701 Tacitus
677 4647 797 4700 kritisch
815 4648 990 4716 beleuchtet‚
1008 4647 1093 4703 Halle
1113 4652 1181 4704 1869
1200 4650 1225 4718 1,
1244 4665 1271 4719 p.
1291 4656 1334 4704 89.

195 4759 280 4808 nnn,
294 4759 322 4798 de
336 4757 508 4806 participiorum
523 4767 572 4797 usu.
1137 4761 1154 4809 9
