<?xml version="1.0" encoding="UTF-8"?>
<!DOCTYPE html PUBLIC "-//W3C//DTD XHTML 1.0 Transitional//EN"
    "http://www.w3.org/TR/xhtml1/DTD/xhtml1-transitional.dtd">
<html xmlns="http://www.w3.org/1999/xhtml" xml:lang="en" lang="en">
 <head>
  <title>
</title>
<meta http-equiv="Content-Type" content="text/html;charset=utf-8" />
  <meta name='ocr-system' content='tesseract 3.04.00' />
  <meta name='ocr-capabilities' content='ocr_page ocr_carea ocr_par ocr_line ocrx_word'/>
</head>
<body>
  <div class='ocr_page' id='page_1' title='image "./quaestionessynt00helmgoog_0097.png"; bbox 0 0 3300 5224; ppageno 0'>
   <div class='ocr_carea' id='block_1_1' title="bbox 474 337 1376 408">
    <p class='ocr_par' dir='ltr' id='par_1_1' title="bbox 474 337 1376 408">
     <span class='ocr_line' id='line_1_1' title="bbox 474 337 1376 408; baseline 0.003 -18"><span class='ocrx_word' id='word_1_1' title='bbox 474 337 516 391; x_wconf 90' lang='lat' dir='ltr'><strong>De</strong></span> <span class='ocrx_word' id='word_1_2' title='bbox 535 337 747 408; x_wconf 81' lang='lat' dir='ltr'><strong>participiorum</strong></span> <span class='ocrx_word' id='word_1_3' title='bbox 766 355 817 392; x_wconf 89' lang='lat' dir='ltr'><strong>usu</strong></span> <span class='ocrx_word' id='word_1_4' title='bbox 836 337 1038 408; x_wconf 84' lang='lat' dir='ltr'><strong>praedicativo.</strong></span> <span class='ocrx_word' id='word_1_5' title='bbox 1334 337 1376 400; x_wconf 86' lang='lat'><strong>89</strong></span> 
     </span>
    </p>
   </div>
   <div class='ocr_carea' id='block_1_2' title="bbox 148 485 1379 697">
    <p class='ocr_par' dir='ltr' id='par_1_2' title="bbox 148 485 1379 697">
     <span class='ocr_line' id='line_1_2' title="bbox 148 485 1379 591; baseline -0.002 -25"><span class='ocrx_word' id='word_1_6' title='bbox 148 505 252 567; x_wconf 89' lang='lat' dir='ltr'><strong>riores</strong></span> <span class='ocrx_word' id='word_1_7' title='bbox 273 501 472 566; x_wconf 89' lang='lat' dir='ltr'><strong>admiserunt</strong></span> <span class='ocrx_word' id='word_1_8' title='bbox 490 499 677 586; x_wconf 86' lang='lat' dir='ltr'><strong>scriptores,</strong></span> <span class='ocrx_word' id='word_1_9' title='bbox 701 504 847 591; x_wconf 85' lang='lat' dir='ltr'><strong>versatus</strong></span> <span class='ocrx_word' id='word_1_10' title='bbox 867 501 918 565; x_wconf 89' lang='lat' dir='ltr'><strong>sit.</strong></span> <span class='ocrx_word' id='word_1_11' title='bbox 954 523 1026 565; x_wconf 93' lang='lat' dir='ltr'><strong>oum</strong></span> <span class='ocrx_word' id='word_1_12' title='bbox 1045 485 1154 566; x_wconf 83' lang='lat' dir='ltr'><strong>autem</strong></span> <span class='ocrx_word' id='word_1_13' title='bbox 1175 504 1249 566; x_wconf 88' lang='lat' dir='ltr'><strong>ante</strong></span> <span class='ocrx_word' id='word_1_14' title='bbox 1270 501 1379 566; x_wconf 88' lang='lat' dir='ltr'><strong>omnia</strong></span> 
     </span>
     <span class='ocr_line' id='line_1_3' title="bbox 149 591 1378 697; baseline -0.002 -22"><span class='ocrx_word' id='word_1_15' title='bbox 149 633 254 697; x_wconf 86' lang='lat' dir='ltr'><strong>genus</strong></span> <span class='ocrx_word' id='word_1_16' title='bbox 278 609 412 675; x_wconf 80' lang='lat' dir='ltr'><strong>ablativi</strong></span> <span class='ocrx_word' id='word_1_17' title='bbox 436 607 650 673; x_wconf 88' lang='lat' dir='ltr'><strong>definiendum</strong></span> <span class='ocrx_word' id='word_1_18' title='bbox 675 608 730 690; x_wconf 90' lang='lat' dir='ltr'><strong>sit,</strong></span> <span class='ocrx_word' id='word_1_19' title='bbox 754 608 794 671; x_wconf 86' lang='lat' dir='ltr'><strong>ad</strong></span> <span class='ocrx_word' id='word_1_20' title='bbox 815 629 910 691; x_wconf 88' lang='lat' dir='ltr'><strong>quern</strong></span> <span class='ocrx_word' id='word_1_21' title='bbox 934 607 1141 692; x_wconf 70' lang='lat' dir='ltr'><strong>participium</strong></span> <span class='ocrx_word' id='word_1_22' title='bbox 1160 591 1378 691; x_wconf 81' lang='lat' dir='ltr'><strong>praedicativo</strong></span> 
     </span>
    </p>
   </div>
   <div class='ocr_carea' id='block_1_3' title="bbox 149 714 1379 1336">
    <p class='ocr_par' dir='ltr' id='par_1_3' title="bbox 149 714 1379 1336">
     <span class='ocr_line' id='line_1_4' title="bbox 150 714 1379 800; baseline -0.002 -19"><span class='ocrx_word' id='word_1_23' title='bbox 150 740 250 782; x_wconf 89' lang='lat' dir='ltr'><strong>sensu</strong></span> <span class='ocrx_word' id='word_1_24' title='bbox 265 716 396 800; x_wconf 85' lang='lat' dir='ltr'><strong>accedit,</strong></span> <span class='ocrx_word' id='word_1_25' title='bbox 416 737 435 778; x_wconf 91' lang='lat' dir='ltr'><strong>a</strong></span> <span class='ocrx_word' id='word_1_26' title='bbox 454 714 574 779; x_wconf 90' lang='lat' dir='ltr'><strong>modali</strong></span> <span class='ocrx_word' id='word_1_27' title='bbox 592 715 688 778; x_wconf 88' lang='lat' dir='ltr'><strong>huius</strong></span> <span class='ocrx_word' id='word_1_28' title='bbox 703 735 796 778; x_wconf 87' lang='lat' dir='ltr'><strong>casus</strong></span> <span class='ocrx_word' id='word_1_29' title='bbox 811 715 945 779; x_wconf 89' lang='lat' dir='ltr'><strong>notione</strong></span> <span class='ocrx_word' id='word_1_30' title='bbox 960 715 1226 798; x_wconf 89' lang='lat' dir='ltr'><strong>proficiscendum</strong></span> <span class='ocrx_word' id='word_1_31' title='bbox 1245 715 1379 780; x_wconf 89' lang='lat' dir='ltr'><strong>videtur.</strong></span> 
     </span>
     <span class='ocr_line' id='line_1_5' title="bbox 150 803 1376 906; baseline -0.002 -18"><span class='ocrx_word' id='word_1_32' title='bbox 150 847 189 888; x_wconf 86' lang='lat' dir='ltr'><strong>ex</strong></span> <span class='ocrx_word' id='word_1_33' title='bbox 215 846 253 887; x_wconf 90' lang='lat' dir='ltr'><strong>ca</strong></span> <span class='ocrx_word' id='word_1_34' title='bbox 271 823 357 886; x_wconf 89' lang='lat' dir='ltr'><strong>enim</strong></span> <span class='ocrx_word' id='word_1_35' title='bbox 380 844 439 906; x_wconf 90' lang='lat' dir='ltr'><strong>pro</strong></span> <span class='ocrx_word' id='word_1_36' title='bbox 458 843 544 885; x_wconf 88' lang='lat' dir='ltr'><strong>nexu</strong></span> <span class='ocrx_word' id='word_1_37' title='bbox 563 803 796 885; x_wconf 84' lang='lat' dir='ltr'><strong>sententiarum</strong></span> <span class='ocrx_word' id='word_1_38' title='bbox 817 824 940 886; x_wconf 87' lang='lat' dir='ltr'><strong>ceterae</strong></span> <span class='ocrx_word' id='word_1_39' title='bbox 965 821 1220 905; x_wconf 86' lang='lat' dir='ltr'><strong>significationes</strong></span> <span class='ocrx_word' id='word_1_40' title='bbox 1239 843 1376 886; x_wconf 88' lang='lat' dir='ltr'><strong>naseun-</strong></span> 
     </span>
     <span class='ocr_line' id='line_1_6' title="bbox 149 928 1378 1012; baseline -0.003 -17"><span class='ocrx_word' id='word_1_41' title='bbox 149 935 206 996; x_wconf 89' lang='lat' dir='ltr'><strong>tur</strong></span> <span class='ocrx_word' id='word_1_42' title='bbox 229 951 349 995; x_wconf 91' lang='lat' dir='ltr'><strong>omnes.</strong></span> <span class='ocrx_word' id='word_1_43' title='bbox 385 929 494 1012; x_wconf 88' lang='lat' dir='ltr'><strong>itaque</strong></span> <span class='ocrx_word' id='word_1_44' title='bbox 516 928 602 992; x_wconf 91' lang='lat' dir='ltr'><strong>hunc</strong></span> <span class='ocrx_word' id='word_1_45' title='bbox 627 928 773 992; x_wconf 88' lang='lat' dir='ltr'><strong>ordinem</strong></span> <span class='ocrx_word' id='word_1_46' title='bbox 798 950 978 1012; x_wconf 91' lang='lat' dir='ltr'><strong>sequemur,</strong></span> <span class='ocrx_word' id='word_1_47' title='bbox 1007 932 1044 991; x_wconf 89' lang='lat' dir='ltr'><strong>ut</strong></span> <span class='ocrx_word' id='word_1_48' title='bbox 1067 928 1171 1010; x_wconf 90' lang='lat' dir='ltr'><strong>primo</strong></span> <span class='ocrx_word' id='word_1_49' title='bbox 1194 929 1264 992; x_wconf 88' lang='lat' dir='ltr'><strong>loco</strong></span> <span class='ocrx_word' id='word_1_50' title='bbox 1289 929 1378 992; x_wconf 88' lang='lat' dir='ltr'><strong>abla-</strong></span> 
     </span>
     <span class='ocr_line' id='line_1_7' title="bbox 149 1017 1379 1120; baseline -0.002 -19"><span class='ocrx_word' id='word_1_51' title='bbox 149 1037 237 1101; x_wconf 86' lang='lat' dir='ltr'><strong>tivos</strong></span> <span class='ocrx_word' id='word_1_52' title='bbox 266 1036 433 1101; x_wconf 85' lang='lat' dir='ltr'><strong>absolutos</strong></span> <span class='ocrx_word' id='word_1_53' title='bbox 464 1057 560 1100; x_wconf 87' lang='lat' dir='ltr'><strong>sensu</strong></span> <span class='ocrx_word' id='word_1_54' title='bbox 583 1017 717 1117; x_wconf 83' lang='lat' dir='ltr'><strong>modali,</strong></span> <span class='ocrx_word' id='word_1_55' title='bbox 746 1035 885 1100; x_wconf 88' lang='lat' dir='ltr'><strong>secundo</strong></span> <span class='ocrx_word' id='word_1_56' title='bbox 914 1035 1099 1119; x_wconf 87' lang='lat' dir='ltr'><strong>temporali,</strong></span> <span class='ocrx_word' id='word_1_57' title='bbox 1126 1021 1224 1098; x_wconf 90' lang='lat' dir='ltr'><strong>tertio</strong></span> <span class='ocrx_word' id='word_1_58' title='bbox 1247 1036 1379 1120; x_wconf 87' lang='lat' dir='ltr'><strong>causali,</strong></span> 
     </span>
     <span class='ocr_line' id='line_1_8' title="bbox 150 1141 1378 1228; baseline -0.002 -20"><span class='ocrx_word' id='word_1_59' title='bbox 150 1148 268 1228; x_wconf 87' lang='lat' dir='ltr'><strong>quarto</strong></span> <span class='ocrx_word' id='word_1_60' title='bbox 298 1143 481 1208; x_wconf 85' lang='lat' dir='ltr'><strong>concessivo</strong></span> <span class='ocrx_word' id='word_1_61' title='bbox 512 1146 544 1206; x_wconf 91' lang='lat' dir='ltr'><strong>et</strong></span> <span class='ocrx_word' id='word_1_62' title='bbox 568 1141 613 1206; x_wconf 93' lang='lat' dir='ltr'><strong>sic</strong></span> <span class='ocrx_word' id='word_1_63' title='bbox 637 1163 733 1225; x_wconf 93' lang='lat' dir='ltr'><strong>porro</strong></span> <span class='ocrx_word' id='word_1_64' title='bbox 757 1143 881 1206; x_wconf 87' lang='lat' dir='ltr'><strong>ceteros</strong></span> <span class='ocrx_word' id='word_1_65' title='bbox 905 1163 1089 1206; x_wconf 83' lang='lat' dir='ltr'>enarremus</span> <span class='ocrx_word' id='word_1_66' title='bbox 1118 1143 1151 1205; x_wconf 90' lang='lat' dir='ltr'><strong>et</strong></span> <span class='ocrx_word' id='word_1_67' title='bbox 1177 1141 1212 1204; x_wconf 91' lang='lat' dir='ltr'><strong>in</strong></span> <span class='ocrx_word' id='word_1_68' title='bbox 1241 1141 1378 1226; x_wconf 85' lang='lat' dir='ltr'><strong>singulis</strong></span> 
     </span>
     <span class='ocr_line' id='line_1_9' title="bbox 150 1247 1238 1336; baseline 0 -22"><span class='ocrx_word' id='word_1_69' title='bbox 150 1250 326 1336; x_wconf 87' lang='lat' dir='ltr'><strong>generibus</strong></span> <span class='ocrx_word' id='word_1_70' title='bbox 349 1270 409 1333; x_wconf 91' lang='lat' dir='ltr'><strong>pro</strong></span> <span class='ocrx_word' id='word_1_71' title='bbox 433 1251 551 1312; x_wconf 85' lang='lat' dir='ltr'><strong>natura</strong></span> <span class='ocrx_word' id='word_1_72' title='bbox 573 1248 816 1332; x_wconf 73' lang='lat' dir='ltr'><strong>participiorum</strong></span> <span class='ocrx_word' id='word_1_73' title='bbox 829 1247 988 1332; x_wconf 78' lang='lat' dir='ltr'><strong>&#39;exempla</strong></span> <span class='ocrx_word' id='word_1_74' title='bbox 1011 1270 1238 1334; x_wconf 83' lang='lat' dir='ltr'><strong>proponamus.</strong></span> 
     </span>
    </p>
   </div>
   <div class='ocr_carea' id='block_1_4' title="bbox 159 1424 1291 1508">
    <p class='ocr_par' dir='ltr' id='par_1_4' title="bbox 159 1424 1291 1508">
     <span class='ocr_line' id='line_1_10' title="bbox 159 1424 1291 1508; baseline 0 -16"><span class='ocrx_word' id='word_1_75' title='bbox 159 1453 166 1464; x_wconf 92' lang='lat'>·</span> <span class='ocrx_word' id='word_1_76' title='bbox 227 1429 264 1493; x_wconf 85' lang='lat' dir='ltr'><strong>A.</strong></span> <span class='ocrx_word' id='word_1_77' title='bbox 297 1427 341 1492; x_wconf 87' lang='lat' dir='ltr'><strong>Do</strong></span> <span class='ocrx_word' id='word_1_78' title='bbox 364 1426 510 1492; x_wconf 86' lang='lat' dir='ltr'><strong>ablativo</strong></span> <span class='ocrx_word' id='word_1_79' title='bbox 533 1426 681 1492; x_wconf 88' lang='lat' dir='ltr'><strong>absoluto</strong></span> <span class='ocrx_word' id='word_1_80' title='bbox 704 1425 760 1508; x_wconf 89' lang='lat' dir='ltr'><strong>qui</strong></span> <span class='ocrx_word' id='word_1_81' title='bbox 783 1425 849 1491; x_wconf 88' lang='lat' dir='ltr'><strong>vim</strong></span> <span class='ocrx_word' id='word_1_82' title='bbox 871 1424 1026 1491; x_wconf 85' lang='lat' dir='ltr'><strong>medalem</strong></span> <span class='ocrx_word' id='word_1_83' title='bbox 1049 1425 1114 1492; x_wconf 89' lang='lat' dir='ltr'><strong>sibi</strong></span> <span class='ocrx_word' id='word_1_84' title='bbox 1136 1424 1291 1492; x_wconf 85' lang='lat' dir='ltr'><strong>vindicat.</strong></span> 
     </span>
    </p>
   </div>
   <div class='ocr_carea' id='block_1_5' title="bbox 146 1569 1380 2616">
    <p class='ocr_par' dir='ltr' id='par_1_5' title="bbox 146 1569 1380 2616">
     <span class='ocr_line' id='line_1_11' title="bbox 240 1569 1377 1654; baseline -0.003 -18"><span class='ocrx_word' id='word_1_85' title='bbox 240 1569 316 1636; x_wconf 92' lang='lat' dir='ltr'><strong>Non</strong></span> <span class='ocrx_word' id='word_1_86' title='bbox 339 1569 486 1634; x_wconf 84' lang='lat' dir='ltr'><strong>sufficere</strong></span> <span class='ocrx_word' id='word_1_87' title='bbox 507 1570 547 1634; x_wconf 87' lang='lat' dir='ltr'><strong>ad</strong></span> <span class='ocrx_word' id='word_1_88' title='bbox 572 1591 666 1634; x_wconf 88' lang='lat' dir='ltr'><strong>usum</strong></span> <span class='ocrx_word' id='word_1_89' title='bbox 689 1569 824 1634; x_wconf 85' lang='lat' dir='ltr'><strong>ablativi</strong></span> <span class='ocrx_word' id='word_1_90' title='bbox 848 1569 990 1633; x_wconf 90' lang='lat' dir='ltr'><strong>absoluti</strong></span> <span class='ocrx_word' id='word_1_91' title='bbox 1013 1572 1100 1634; x_wconf 84' lang='lat' dir='ltr'><strong>recte</strong></span> <span class='ocrx_word' id='word_1_92' title='bbox 1124 1569 1377 1654; x_wconf 84' lang='lat' dir='ltr'><strong>intellegendum</strong></span> 
     </span>
     <span class='ocr_line' id='line_1_12' title="bbox 147 1676 1380 1762; baseline -0.003 -18"><span class='ocrx_word' id='word_1_93' title='bbox 147 1681 252 1745; x_wconf 88' lang='lat' dir='ltr'><strong>libros</strong></span> <span class='ocrx_word' id='word_1_94' title='bbox 276 1677 576 1762; x_wconf 86' lang='lat' dir='ltr'><strong>grammaticorum,</strong></span> <span class='ocrx_word' id='word_1_95' title='bbox 599 1676 654 1740; x_wconf 94' lang='lat' dir='ltr'><strong>ubi</strong></span> <span class='ocrx_word' id='word_1_96' title='bbox 676 1676 844 1740; x_wconf 86' lang='lat' dir='ltr'><strong>universus</strong></span> <span class='ocrx_word' id='word_1_97' title='bbox 869 1676 1095 1741; x_wconf 87' lang='lat' dir='ltr'><strong>tantummodo</strong></span> <span class='ocrx_word' id='word_1_98' title='bbox 1119 1699 1196 1740; x_wconf 88' lang='lat' dir='ltr'><strong>usus</strong></span> <span class='ocrx_word' id='word_1_99' title='bbox 1219 1679 1380 1740; x_wconf 89' lang='lat' dir='ltr'><strong>tractatur</strong></span> 
     </span>
     <span class='ocr_line' id='line_1_13' title="bbox 147 1782 1378 1872; baseline -0.002 -22"><span class='ocrx_word' id='word_1_100' title='bbox 147 1785 308 1872; x_wconf 84' lang='lat' dir='ltr'><strong>neglectis</strong></span> <span class='ocrx_word' id='word_1_101' title='bbox 332 1783 471 1868; x_wconf 87' lang='lat' dir='ltr'><strong>singulis</strong></span> <span class='ocrx_word' id='word_1_102' title='bbox 494 1783 666 1868; x_wconf 86' lang='lat' dir='ltr'><strong>generibus</strong></span> <span class='ocrx_word' id='word_1_103' title='bbox 690 1783 819 1867; x_wconf 88' lang='lat' dir='ltr'><strong>saepius</strong></span> <span class='ocrx_word' id='word_1_104' title='bbox 841 1782 987 1868; x_wconf 85' lang='lat' dir='ltr'><strong>intellegi</strong></span> <span class='ocrx_word' id='word_1_105' title='bbox 1011 1785 1138 1866; x_wconf 89' lang='lat' dir='ltr'><strong>poterit.</strong></span> <span class='ocrx_word' id='word_1_106' title='bbox 1175 1804 1278 1867; x_wconf 90' lang='lat' dir='ltr'><strong>neque</strong></span> <span class='ocrx_word' id='word_1_107' title='bbox 1297 1804 1378 1867; x_wconf 87' lang='lat' dir='ltr'><strong>quae</strong></span> 
     </span>
     <span class='ocr_line' id='line_1_14' title="bbox 147 1889 1379 1975; baseline -0.001 -18"><span class='ocrx_word' id='word_1_108' title='bbox 147 1895 215 1958; x_wconf 89' lang='lat' dir='ltr'><strong>iam</strong></span> <span class='ocrx_word' id='word_1_109' title='bbox 238 1892 466 1956; x_wconf 86' lang='lat' dir='ltr'><strong>tractabuntur</strong></span> <span class='ocrx_word' id='word_1_110' title='bbox 489 1890 635 1973; x_wconf 86' lang='lat' dir='ltr'><strong>exempla</strong></span> <span class='ocrx_word' id='word_1_111' title='bbox 659 1911 697 1953; x_wconf 85' lang='lat' dir='ltr'><strong>ex</strong></span> <span class='ocrx_word' id='word_1_112' title='bbox 721 1889 1004 1975; x_wconf 84' lang='lat' dir='ltr'><strong>grammaticorum</strong></span> <span class='ocrx_word' id='word_1_113' title='bbox 1029 1891 1199 1955; x_wconf 79' lang='lat' dir='ltr'><strong>sententiis</strong></span> <span class='ocrx_word' id='word_1_114' title='bbox 1223 1891 1379 1956; x_wconf 88' lang='lat' dir='ltr'><strong>idiomata</strong></span> 
     </span>
     <span class='ocr_line' id='line_1_15' title="bbox 148 1996 1378 2082; baseline -0.002 -17"><span class='ocrx_word' id='word_1_115' title='bbox 148 2023 209 2065; x_wconf 91' lang='lat' dir='ltr'><strong>suo</strong></span> <span class='ocrx_word' id='word_1_116' title='bbox 227 1999 297 2062; x_wconf 91' lang='lat' dir='ltr'><strong>iure</strong></span> <span class='ocrx_word' id='word_1_117' title='bbox 315 1997 440 2062; x_wconf 87' lang='lat' dir='ltr'><strong>utentia</strong></span> <span class='ocrx_word' id='word_1_118' title='bbox 458 2017 529 2060; x_wconf 88' lang='lat' dir='ltr'><strong>esse</strong></span> <span class='ocrx_word' id='word_1_119' title='bbox 548 1996 705 2062; x_wconf 83' lang='lat' dir='ltr'><strong>videntur.</strong></span> <span class='ocrx_word' id='word_1_120' title='bbox 743 1999 886 2061; x_wconf 89' lang='lat' dir='ltr'><strong>attamen</strong></span> <span class='ocrx_word' id='word_1_121' title='bbox 905 2019 956 2062; x_wconf 88' lang='lat' dir='ltr'><strong>res</strong></span> <span class='ocrx_word' id='word_1_122' title='bbox 975 1997 1021 2061; x_wconf 87' lang='lat' dir='ltr'><strong>ita</strong></span> <span class='ocrx_word' id='word_1_123' title='bbox 1040 2021 1074 2062; x_wconf 85' lang='lat' dir='ltr'><strong>se</strong></span> <span class='ocrx_word' id='word_1_124' title='bbox 1097 1998 1197 2062; x_wconf 88' lang='lat' dir='ltr'><strong>habet</strong></span> <span class='ocrx_word' id='word_1_125' title='bbox 1216 2001 1249 2063; x_wconf 89' lang='lat' dir='ltr'><strong>et</strong></span> <span class='ocrx_word' id='word_1_126' title='bbox 1269 1999 1378 2082; x_wconf 91' lang='lat' dir='ltr'><strong>primi-</strong></span> 
     </span>
     <span class='ocr_line' id='line_1_16' title="bbox 146 2103 1379 2188; baseline -0.003 -17"><span class='ocrx_word' id='word_1_127' title='bbox 146 2107 253 2172; x_wconf 85' lang='lat' dir='ltr'><strong>tivum</strong></span> <span class='ocrx_word' id='word_1_128' title='bbox 271 2108 309 2171; x_wconf 91' lang='lat' dir='ltr'><strong>ut</strong></span> <span class='ocrx_word' id='word_1_129' title='bbox 331 2105 396 2169; x_wconf 86' lang='lat' dir='ltr'><strong>iam</strong></span> <span class='ocrx_word' id='word_1_130' title='bbox 420 2103 557 2168; x_wconf 82' lang='lat' dir='ltr'><strong>diximus</strong></span> <span class='ocrx_word' id='word_1_131' title='bbox 577 2104 745 2188; x_wconf 77' lang='lat' dir='ltr'><strong>apparebit</strong></span> <span class='ocrx_word' id='word_1_132' title='bbox 762 2105 795 2168; x_wconf 91' lang='lat' dir='ltr'><strong>id</strong></span> <span class='ocrx_word' id='word_1_133' title='bbox 814 2124 926 2188; x_wconf 84' lang='lat' dir='ltr'><strong>genus.</strong></span> <span class='ocrx_word' id='word_1_134' title='bbox 964 2105 1060 2170; x_wconf 87' lang='lat' dir='ltr'><strong>cardo</strong></span> <span class='ocrx_word' id='word_1_135' title='bbox 1080 2105 1165 2170; x_wconf 87' lang='lat' dir='ltr'><strong>enim</strong></span> <span class='ocrx_word' id='word_1_136' title='bbox 1185 2105 1321 2169; x_wconf 89' lang='lat' dir='ltr'><strong>vertitur</strong></span> <span class='ocrx_word' id='word_1_137' title='bbox 1344 2105 1379 2168; x_wconf 92' lang='lat' dir='ltr'><strong>in</strong></span> 
     </span>
     <span class='ocr_line' id='line_1_17' title="bbox 147 2210 1378 2298; baseline -0.004 -20"><span class='ocrx_word' id='word_1_138' title='bbox 147 2236 203 2298; x_wconf 90' lang='lat' dir='ltr'><strong>eo,</strong></span> <span class='ocrx_word' id='word_1_139' title='bbox 235 2213 321 2298; x_wconf 91' lang='lat' dir='ltr'><strong>quod</strong></span> <span class='ocrx_word' id='word_1_140' title='bbox 353 2211 416 2276; x_wconf 89' lang='lat' dir='ltr'><strong>ista</strong></span> <span class='ocrx_word' id='word_1_141' title='bbox 448 2210 582 2275; x_wconf 87' lang='lat' dir='ltr'><strong>ablativi</strong></span> <span class='ocrx_word' id='word_1_142' title='bbox 615 2211 756 2276; x_wconf 87' lang='lat' dir='ltr'><strong>absoluti</strong></span> <span class='ocrx_word' id='word_1_143' title='bbox 789 2211 911 2294; x_wconf 87' lang='lat' dir='ltr'><strong>species</strong></span> <span class='ocrx_word' id='word_1_144' title='bbox 945 2210 1026 2275; x_wconf 87' lang='lat' dir='ltr'><strong>falso</strong></span> <span class='ocrx_word' id='word_1_145' title='bbox 1055 2234 1129 2276; x_wconf 88' lang='lat' dir='ltr'><strong>eum</strong></span> <span class='ocrx_word' id='word_1_146' title='bbox 1157 2235 1195 2276; x_wconf 90' lang='lat' dir='ltr'><strong>ea</strong></span> <span class='ocrx_word' id='word_1_147' title='bbox 1224 2211 1378 2277; x_wconf 86' lang='lat' dir='ltr'><strong>confundi</strong></span> 
     </span>
     <span class='ocr_line' id='line_1_18' title="bbox 148 2317 1378 2403; baseline -0.002 -19"><span class='ocrx_word' id='word_1_148' title='bbox 148 2319 234 2384; x_wconf 87' lang='lat' dir='ltr'><strong>solet</strong></span> <span class='ocrx_word' id='word_1_149' title='bbox 240 2369 248 2403; x_wconf 89' lang='lat'><strong>,</strong></span> <span class='ocrx_word' id='word_1_150' title='bbox 278 2339 360 2403; x_wconf 87' lang='lat' dir='ltr'><strong>quae</strong></span> <span class='ocrx_word' id='word_1_151' title='bbox 388 2317 550 2383; x_wconf 90' lang='lat' dir='ltr'><strong>causalem</strong></span> <span class='ocrx_word' id='word_1_152' title='bbox 580 2317 644 2380; x_wconf 90' lang='lat' dir='ltr'><strong>vim</strong></span> <span class='ocrx_word' id='word_1_153' title='bbox 675 2318 781 2382; x_wconf 89' lang='lat' dir='ltr'><strong>habet.</strong></span> <span class='ocrx_word' id='word_1_154' title='bbox 819 2318 864 2382; x_wconf 91' lang='lat' dir='ltr'><strong>sic</strong></span> <span class='ocrx_word' id='word_1_155' title='bbox 888 2317 961 2380; x_wconf 78' lang='lat' dir='ltr'><strong>Tae.</strong></span> <span class='ocrx_word' id='word_1_156' title='bbox 991 2339 1063 2382; x_wconf 87' lang='lat' dir='ltr'><strong>ann.</strong></span> <span class='ocrx_word' id='word_1_157' title='bbox 1087 2318 1117 2403; x_wconf 86' lang='lat'><strong>1,</strong></span> <span class='ocrx_word' id='word_1_158' title='bbox 1144 2320 1184 2384; x_wconf 78' lang='lat'><strong>77</strong></span> <span class='ocrx_word' id='word_1_159' title='bbox 1209 2325 1244 2384; x_wconf 88' lang='lat' dir='ltr'><strong>ut</strong></span> <span class='ocrx_word' id='word_1_160' title='bbox 1265 2319 1378 2384; x_wconf 77' lang='lat' dir='ltr'><strong>theatri</strong></span> 
     </span>
     <span class='ocr_line' id='line_1_19' title="bbox 149 2425 1380 2509; baseline -0.002 -17"><span class='ocrx_word' id='word_1_161' title='bbox 149 2429 275 2493; x_wconf 80' lang='lat' dir='ltr'><strong>lieentia</strong></span> <span class='ocrx_word' id='word_1_162' title='bbox 300 2427 444 2509; x_wconf 72' lang='lat' dir='ltr'><strong>proxime</strong></span> <span class='ocrx_word' id='word_1_163' title='bbox 463 2425 569 2507; x_wconf 84' lang='lat' dir='ltr'><strong>priore</strong></span> <span class='ocrx_word' id='word_1_164' title='bbox 597 2445 679 2489; x_wconf 84' lang='lat' dir='ltr'><strong>ummo</strong></span> <span class='ocrx_word' id='word_1_165' title='bbox 702 2429 805 2508; x_wconf 83' lang='lat' dir='ltr'><strong>coeptu</strong></span> <span class='ocrx_word' id='word_1_166' title='bbox 829 2425 958 2508; x_wconf 72' lang='lat' dir='ltr'><strong>previus</strong></span> <span class='ocrx_word' id='word_1_167' title='bbox 980 2428 1045 2488; x_wconf 84' lang='lat' dir='ltr'><strong>tum</strong></span> <span class='ocrx_word' id='word_1_168' title='bbox 1068 2427 1169 2506; x_wconf 81' lang='lat' dir='ltr'><strong>erupit</strong></span> <span class='ocrx_word' id='word_1_169' title='bbox 1191 2426 1294 2490; x_wconf 79' lang='lat' dir='ltr'><strong>omisis</strong></span> <span class='ocrx_word' id='word_1_170' title='bbox 1316 2445 1380 2490; x_wconf 86' lang='lat' dir='ltr'><strong>mom</strong></span> 
     </span>
     <span class='ocr_line' id='line_1_20' title="bbox 147 2531 1380 2616; baseline -0.002 -17"><span class='ocrx_word' id='word_1_171' title='bbox 147 2536 237 2599; x_wconf 90' lang='lat' dir='ltr'><strong>modo</strong></span> <span class='ocrx_word' id='word_1_172' title='bbox 261 2531 392 2615; x_wconf 85' lang='lat' dir='ltr'><strong>eplebe,</strong></span> <span class='ocrx_word' id='word_1_173' title='bbox 415 2533 509 2596; x_wconf 85' lang='lat' dir='ltr'><strong>etiam</strong></span> <span class='ocrx_word' id='word_1_174' title='bbox 526 2532 677 2597; x_wconf 78' lang='lat' dir='ltr'><strong>militibus</strong></span> <span class='ocrx_word' id='word_1_175' title='bbox 704 2537 734 2596; x_wconf 91' lang='lat' dir='ltr'><strong>et</strong></span> <span class='ocrx_word' id='word_1_176' title='bbox 759 2533 947 2616; x_wconf 75' lang='lat' dir='ltr'><strong>centurione,</strong></span> <span class='ocrx_word' id='word_1_177' title='bbox 965 2533 1124 2596; x_wconf 78' lang='lat' dir='ltr'><strong>callicrate</strong></span> <span class='ocrx_word' id='word_1_178' title='bbox 1148 2533 1270 2597; x_wconf 82' lang='lat' dir='ltr'><strong>trilmmo</strong></span> <span class='ocrx_word' id='word_1_179' title='bbox 1287 2554 1380 2614; x_wconf 80' lang='lat' dir='ltr'><strong>prue-</strong></span> 
     </span>
    </p>
   </div>
   <div class='ocr_carea' id='block_1_6' title="bbox 148 2639 1504 2735">
    <p class='ocr_par' dir='ltr' id='par_1_6' title="bbox 148 2639 1504 2735">
     <span class='ocr_line' id='line_1_21' title="bbox 148 2639 1504 2735; baseline -0.006 -28"><span class='ocrx_word' id='word_1_180' title='bbox 148 2643 249 2707; x_wconf 82' lang='lat' dir='ltr'><strong>torioe</strong></span> <span class='ocrx_word' id='word_1_181' title='bbox 272 2640 402 2706; x_wconf 71' lang='lat' dir='ltr'><strong>cohortis</strong></span> <span class='ocrx_word' id='word_1_182' title='bbox 428 2641 502 2704; x_wconf 79' lang='lat' dir='ltr'><strong>dura</strong></span> <span class='ocrx_word' id='word_1_183' title='bbox 523 2639 642 2720; x_wconf 79' lang='lat' dir='ltr'><strong>probro</strong></span> <span class='ocrx_word' id='word_1_184' title='bbox 666 2690 673 2703; x_wconf 90' lang='lat'><strong>.</strong></span> <span class='ocrx_word' id='word_1_185' title='bbox 693 2689 699 2703; x_wconf 93' lang='lat'>.</span> <span class='ocrx_word' id='word_1_186' title='bbox 719 2688 752 2704; x_wconf 89' lang='lat'><strong>..</strong></span> <span class='ocrx_word' id='word_1_187' title='bbox 775 2639 939 2722; x_wconf 74' lang='lat' dir='ltr'><strong>prohibent</strong></span> <span class='ocrx_word' id='word_1_188' title='bbox 965 2643 1053 2704; x_wconf 88' lang='lat' dir='ltr'><strong>certo</strong></span> <span class='ocrx_word' id='word_1_189' title='bbox 1084 2639 1238 2704; x_wconf 87' lang='lat' dir='ltr'><strong>concedas</strong></span> <span class='ocrx_word' id='word_1_190' title='bbox 1267 2639 1380 2704; x_wconf 85' lang='lat' dir='ltr'><strong>ablati·</strong></span> <span class='ocrx_word' id='word_1_191' title='bbox 1498 2717 1504 2735; x_wconf 70' lang='lat'><strong>,</strong></span> 
     </span>
    </p>
   </div>
   <div class='ocr_carea' id='block_1_7' title="bbox 149 2747 1381 3579">
    <p class='ocr_par' dir='ltr' id='par_1_7' title="bbox 149 2747 1381 3579">
     <span class='ocr_line' id='line_1_22' title="bbox 149 2747 1380 2832; baseline -0.003 -18"><span class='ocrx_word' id='word_1_192' title='bbox 149 2773 228 2814; x_wconf 88' lang='lat' dir='ltr'><strong>vum</strong></span> <span class='ocrx_word' id='word_1_193' title='bbox 267 2748 451 2812; x_wconf 88' lang='lat' dir='ltr'><strong>absolutum</strong></span> <span class='ocrx_word' id='word_1_194' title='bbox 490 2747 729 2831; x_wconf 84' lang='lat' dir='ltr'><strong>epexegeticam</strong></span> <span class='ocrx_word' id='word_1_195' title='bbox 768 2770 864 2832; x_wconf 90' lang='lat' dir='ltr'><strong>quarn</strong></span> <span class='ocrx_word' id='word_1_196' title='bbox 897 2747 1009 2811; x_wconf 89' lang='lat' dir='ltr'><strong>dicunt</strong></span> <span class='ocrx_word' id='word_1_197' title='bbox 1046 2747 1212 2811; x_wconf 90' lang='lat' dir='ltr'><strong>notionem</strong></span> <span class='ocrx_word' id='word_1_198' title='bbox 1251 2747 1380 2831; x_wconf 86' lang='lat' dir='ltr'><strong>habere,</strong></span> 
     </span>
     <span class='ocr_line' id='line_1_23' title="bbox 150 2853 1381 2941; baseline -0.002 -21"><span class='ocrx_word' id='word_1_199' title='bbox 150 2857 270 2941; x_wconf 90' lang='lat' dir='ltr'><strong>quippe</strong></span> <span class='ocrx_word' id='word_1_200' title='bbox 300 2855 355 2939; x_wconf 92' lang='lat' dir='ltr'><strong>qui</strong></span> <span class='ocrx_word' id='word_1_201' title='bbox 382 2875 448 2918; x_wconf 92' lang='lat' dir='ltr'><strong>non</strong></span> <span class='ocrx_word' id='word_1_202' title='bbox 476 2853 614 2936; x_wconf 86' lang='lat' dir='ltr'><strong>explicet</strong></span> <span class='ocrx_word' id='word_1_203' title='bbox 643 2874 787 2939; x_wconf 87' lang='lat' dir='ltr'><strong>eausam,</strong></span> <span class='ocrx_word' id='word_1_204' title='bbox 814 2856 948 2937; x_wconf 90' lang='lat' dir='ltr'><strong>propter</strong></span> <span class='ocrx_word' id='word_1_205' title='bbox 976 2874 1073 2936; x_wconf 88' lang='lat' dir='ltr'><strong>quam</strong></span> <span class='ocrx_word' id='word_1_206' title='bbox 1101 2853 1223 2918; x_wconf 83' lang='lat' dir='ltr'><strong>theatri</strong></span> <span class='ocrx_word' id='word_1_207' title='bbox 1250 2853 1381 2917; x_wconf 87' lang='lat' dir='ltr'><strong>lieentia</strong></span> 
     </span>
     <span class='ocr_line' id='line_1_24' title="bbox 150 2959 1381 3049; baseline -0.003 -22"><span class='ocrx_word' id='word_1_208' title='bbox 150 2963 283 3049; x_wconf 85' lang='lat' dir='ltr'><strong>gravius</strong></span> <span class='ocrx_word' id='word_1_209' title='bbox 307 2961 462 3045; x_wconf 86' lang='lat' dir='ltr'><strong>eruperit,</strong></span> <span class='ocrx_word' id='word_1_210' title='bbox 486 2959 541 3024; x_wconf 88' lang='lat' dir='ltr'><strong>sed</strong></span> <span class='ocrx_word' id='word_1_211' title='bbox 565 2959 668 3043; x_wconf 88' lang='lat' dir='ltr'><strong>qualis</strong></span> <span class='ocrx_word' id='word_1_212' title='bbox 694 2959 761 3024; x_wconf 88' lang='lat' dir='ltr'><strong>eius</strong></span> <span class='ocrx_word' id='word_1_213' title='bbox 784 2971 975 3044; x_wconf 81' lang='lat' dir='ltr'><strong>progressus</strong></span> <span class='ocrx_word' id='word_1_214' title='bbox 1005 2960 1112 3025; x_wconf 88' lang='lat' dir='ltr'><strong>fuerit.</strong></span> <span class='ocrx_word' id='word_1_215' title='bbox 1156 2961 1267 3044; x_wconf 89' lang='lat' dir='ltr'><strong>itaque</strong></span> <span class='ocrx_word' id='word_1_216' title='bbox 1290 2962 1381 3042; x_wconf 85' lang='lat' dir='ltr'><strong>patet</strong></span> 
     </span>
     <span class='ocr_line' id='line_1_25' title="bbox 149 3065 1381 3154; baseline -0.005 -20"><span class='ocrx_word' id='word_1_217' title='bbox 149 3070 351 3154; x_wconf 83' lang='lat' dir='ltr'><strong>Draegerum</strong></span> <span class='ocrx_word' id='word_1_218' title='bbox 375 3067 414 3132; x_wconf 91' lang='lat' dir='ltr'><strong>de</strong></span> <span class='ocrx_word' id='word_1_219' title='bbox 437 3089 514 3131; x_wconf 86' lang='lat' dir='ltr'><strong>vera</strong></span> <span class='ocrx_word' id='word_1_220' title='bbox 543 3065 638 3129; x_wconf 90' lang='lat' dir='ltr'><strong>huius</strong></span> <span class='ocrx_word' id='word_1_221' title='bbox 664 3067 800 3150; x_wconf 88' lang='lat' dir='ltr'><strong>exempli</strong></span> <span class='ocrx_word' id='word_1_222' title='bbox 830 3067 954 3130; x_wconf 87' lang='lat' dir='ltr'><strong>ratione</strong></span> <span class='ocrx_word' id='word_1_223' title='bbox 980 3089 1119 3151; x_wconf 88' lang='lat' dir='ltr'><strong>errasse,</strong></span> <span class='ocrx_word' id='word_1_224' title='bbox 1151 3065 1236 3151; x_wconf 91' lang='lat' dir='ltr'><strong>quod</strong></span> <span class='ocrx_word' id='word_1_225' title='bbox 1264 3065 1381 3130; x_wconf 83' lang='lat' dir='ltr'><strong>statuit</strong></span> 
     </span>
     <span class='ocr_line' id='line_1_26' title="bbox 151 3171 1380 3258; baseline -0.005 -16"><span class='ocrx_word' id='word_1_226' title='bbox 151 3200 221 3242; x_wconf 89' lang='lat' dir='ltr'><strong>esse</strong></span> <span class='ocrx_word' id='word_1_227' title='bbox 241 3171 418 3242; x_wconf 83' lang='lat' dir='ltr'><strong>ablativum</strong></span> <span class='ocrx_word' id='word_1_228' title='bbox 440 3175 475 3238; x_wconf 90' lang='lat' dir='ltr'><strong>in</strong></span> <span class='ocrx_word' id='word_1_229' title='bbox 494 3171 624 3236; x_wconf 88' lang='lat' dir='ltr'><strong>modum</strong></span> <span class='ocrx_word' id='word_1_230' title='bbox 647 3173 809 3256; x_wconf 85' lang='lat' dir='ltr'><strong>participii</strong></span> <span class='ocrx_word' id='word_1_231' title='bbox 833 3173 946 3238; x_wconf 88' lang='lat' dir='ltr'><strong>aoristi</strong></span> <span class='ocrx_word' id='word_1_232' title='bbox 967 3174 1109 3239; x_wconf 88' lang='lat' dir='ltr'><strong>Graecae</strong></span> <span class='ocrx_word' id='word_1_233' title='bbox 1133 3173 1264 3258; x_wconf 84' lang='lat' dir='ltr'><strong>linguae</strong></span> <span class='ocrx_word' id='word_1_234' title='bbox 1288 3195 1380 3237; x_wconf 90' lang='lat' dir='ltr'><strong>usur-</strong></span> 
     </span>
     <span class='ocr_line' id='line_1_27' title="bbox 151 3280 1378 3369; baseline -0.003 -21"><span class='ocrx_word' id='word_1_235' title='bbox 151 3287 277 3369; x_wconf 88' lang='lat' dir='ltr'><strong>patum,</strong></span> <span class='ocrx_word' id='word_1_236' title='bbox 302 3282 392 3366; x_wconf 74' lang='lat' dir='ltr'><strong>quari</strong></span> <span class='ocrx_word' id='word_1_237' title='bbox 421 3305 496 3347; x_wconf 89' lang='lat' dir='ltr'><strong>vero</strong></span> <span class='ocrx_word' id='word_1_238' title='bbox 520 3302 570 3364; x_wconf 89' lang='lat' dir='ltr'><strong>ea,</strong></span> <span class='ocrx_word' id='word_1_239' title='bbox 600 3303 680 3365; x_wconf 89' lang='lat' dir='ltr'><strong>quae</strong></span> <span class='ocrx_word' id='word_1_240' title='bbox 709 3280 859 3346; x_wconf 86' lang='lat' dir='ltr'><strong>ablativis</strong></span> <span class='ocrx_word' id='word_1_241' title='bbox 887 3281 952 3346; x_wconf 89' lang='lat' dir='ltr'><strong>illis</strong></span> <span class='ocrx_word' id='word_1_242' title='bbox 976 3281 1201 3365; x_wconf 82' lang='lat' dir='ltr'><strong>designantur,</strong></span> <span class='ocrx_word' id='word_1_243' title='bbox 1225 3317 1267 3326; x_wconf 94' lang='lat'><em>-</em></span> <span class='ocrx_word' id='word_1_244' title='bbox 1292 3281 1378 3366; x_wconf 91' lang='lat' dir='ltr'><strong>quod</strong></span> 
     </span>
     <span class='ocr_line' id='line_1_28' title="bbox 152 3387 1380 3473; baseline -0.006 -16"><span class='ocrx_word' id='word_1_245' title='bbox 152 3391 193 3457; x_wconf 85' lang='lat' dir='ltr'><strong>ad</strong></span> <span class='ocrx_word' id='word_1_246' title='bbox 216 3393 345 3473; x_wconf 86' lang='lat' dir='ltr'><strong>tempus</strong></span> <span class='ocrx_word' id='word_1_247' title='bbox 368 3389 486 3454; x_wconf 89' lang='lat' dir='ltr'><strong>attinet</strong></span> <span class='ocrx_word' id='word_1_248' title='bbox 511 3425 546 3434; x_wconf 87' lang='lat'>-</span> <span class='ocrx_word' id='word_1_249' title='bbox 576 3388 802 3452; x_wconf 87' lang='lat' dir='ltr'><strong>antecederent</strong></span> <span class='ocrx_word' id='word_1_250' title='bbox 825 3411 876 3472; x_wconf 88' lang='lat' dir='ltr'><strong>ea,</strong></span> <span class='ocrx_word' id='word_1_251' title='bbox 908 3411 988 3473; x_wconf 90' lang='lat' dir='ltr'><strong>quae</strong></span> <span class='ocrx_word' id='word_1_252' title='bbox 1012 3389 1181 3452; x_wconf 87' lang='lat' dir='ltr'><strong>enuntiato</strong></span> <span class='ocrx_word' id='word_1_253' title='bbox 1205 3387 1380 3472; x_wconf 88' lang='lat' dir='ltr'><strong>principali</strong></span> 
     </span>
     <span class='ocr_line' id='line_1_29' title="bbox 151 3494 730 3579; baseline -0.005 -18"><span class='ocrx_word' id='word_1_254' title='bbox 151 3498 347 3563; x_wconf 87' lang='lat' dir='ltr'><strong>indicantur.</strong></span> <span class='ocrx_word' id='word_1_255' title='bbox 383 3496 447 3559; x_wconf 90' lang='lat' dir='ltr'><strong>alia</strong></span> <span class='ocrx_word' id='word_1_256' title='bbox 471 3494 617 3579; x_wconf 86' lang='lat' dir='ltr'><strong>exempla</strong></span> <span class='ocrx_word' id='word_1_257' title='bbox 641 3498 730 3559; x_wconf 90' lang='lat' dir='ltr'><strong>sunt:</strong></span> 
     </span>
    </p>
   </div>
   <div class='ocr_carea' id='block_1_8' title="bbox 180 3672 1246 3877">
    <p class='ocr_par' dir='ltr' id='par_1_8' title="bbox 180 3672 1246 3877">
     <span class='ocr_line' id='line_1_30' title="bbox 180 3672 1246 3760; baseline -0.003 -21"><span class='ocrx_word' id='word_1_258' title='bbox 180 3709 183 3716; x_wconf 92' lang='lat'>·</span> <span class='ocrx_word' id='word_1_259' title='bbox 284 3672 317 3760; x_wconf 86' lang='lat' dir='ltr'><strong>a)</strong></span> <span class='ocrx_word' id='word_1_260' title='bbox 342 3673 539 3738; x_wconf 88' lang='lat' dir='ltr'><strong>ablativus</strong></span> <span class='ocrx_word' id='word_1_261' title='bbox 563 3674 767 3737; x_wconf 87' lang='lat' dir='ltr'><strong>absolutus</strong></span> <span class='ocrx_word' id='word_1_262' title='bbox 792 3672 995 3756; x_wconf 90' lang='lat' dir='ltr'><strong>participii</strong></span> <span class='ocrx_word' id='word_1_263' title='bbox 1018 3672 1246 3756; x_wconf 86' lang='lat' dir='ltr'><strong>praesentis.</strong></span> 
     </span>
     <span class='ocr_line' id='line_1_31' title="bbox 313 3807 661 3877; baseline 0 -13"><span class='ocrx_word' id='word_1_264' title='bbox 313 3807 340 3864; x_wconf 91' lang='lat'><strong>1.</strong></span> <span class='ocrx_word' id='word_1_265' title='bbox 364 3808 467 3877; x_wconf 83' lang='lat' dir='ltr'><strong>Apud</strong></span> <span class='ocrx_word' id='word_1_266' title='bbox 490 3807 661 3864; x_wconf 74' lang='lat' dir='ltr'><strong>Tacitum:</strong></span> 
     </span>
    </p>
   </div>
   <div class='ocr_carea' id='block_1_9' title="bbox 152 3921 1440 4758">
    <p class='ocr_par' dir='ltr' id='par_1_9' title="bbox 152 3921 1440 4758">
     <span class='ocr_line' id='line_1_32' title="bbox 243 3921 1380 4008; baseline -0.002 -20"><span class='ocrx_word' id='word_1_267' title='bbox 243 3946 317 3988; x_wconf 85' lang='lat' dir='ltr'><strong>ann.</strong></span> <span class='ocrx_word' id='word_1_268' title='bbox 337 3922 398 4006; x_wconf 88' lang='lat' dir='ltr'><strong>III,</strong></span> <span class='ocrx_word' id='word_1_269' title='bbox 417 3925 457 3987; x_wconf 81' lang='lat'><strong>67</strong></span> <span class='ocrx_word' id='word_1_270' title='bbox 482 3944 545 3987; x_wconf 84' lang='lat' dir='ltr'><strong>mem</strong></span> <span class='ocrx_word' id='word_1_271' title='bbox 569 3928 753 4005; x_wconf 82' lang='lat' dir='ltr'><strong>temperante</strong></span> <span class='ocrx_word' id='word_1_272' title='bbox 773 3923 893 3988; x_wconf 82' lang='lat' dir='ltr'><strong>Tiberio</strong></span> <span class='ocrx_word' id='word_1_273' title='bbox 911 3926 966 4006; x_wconf 78' lang='lat' dir='ltr'><strong>qui</strong></span> <span class='ocrx_word' id='word_1_274' title='bbox 983 3927 1136 4008; x_wconf 79' lang='lat' dir='ltr'><strong>premeret</strong></span> <span class='ocrx_word' id='word_1_275' title='bbox 1155 3942 1230 3986; x_wconf 85' lang='lat' dir='ltr'><strong>occe.</strong></span> <span class='ocrx_word' id='word_1_276' title='bbox 1264 3921 1324 4006; x_wconf 88' lang='lat' dir='ltr'><strong>III,</strong></span> <span class='ocrx_word' id='word_1_277' title='bbox 1339 3922 1380 3986; x_wconf 90' lang='grc'><strong>68</strong></span> 
     </span>
     <span class='ocr_line' id='line_1_33' title="bbox 152 4029 1381 4115; baseline -0.004 -17"><span class='ocrx_word' id='word_1_278' title='bbox 152 4036 306 4098; x_wconf 79' lang='lat' dir='ltr'><strong>commeate</strong></span> <span class='ocrx_word' id='word_1_279' title='bbox 321 4031 451 4096; x_wconf 74' lang='lat' dir='ltr'><strong>Tiberio.</strong></span> <span class='ocrx_word' id='word_1_280' title='bbox 486 4030 543 4115; x_wconf 91' lang='lat' dir='ltr'><strong>IV,</strong></span> <span class='ocrx_word' id='word_1_281' title='bbox 560 4033 600 4096; x_wconf 82' lang='lat'><strong>12</strong></span> <span class='ocrx_word' id='word_1_282' title='bbox 624 4035 753 4095; x_wconf 82' lang='lat' dir='ltr'><strong>ceterum</strong></span> <span class='ocrx_word' id='word_1_283' title='bbox 773 4031 919 4095; x_wconf 79' lang='lat' dir='ltr'><strong>laudante</strong></span> <span class='ocrx_word' id='word_1_284' title='bbox 940 4031 1043 4112; x_wconf 73' lang='lat' dir='ltr'><strong>filium</strong></span> <span class='ocrx_word' id='word_1_285' title='bbox 1055 4051 1117 4112; x_wconf 76' lang='lat' dir='ltr'><strong>pro</strong></span> <span class='ocrx_word' id='word_1_286' title='bbox 1135 4029 1245 4094; x_wconf 79' lang='lat' dir='ltr'><strong>rostris</strong></span> <span class='ocrx_word' id='word_1_287' title='bbox 1261 4029 1381 4093; x_wconf 85' lang='lat' dir='ltr'><strong>Tiberio</strong></span> 
     </span>
     <span class='ocr_line' id='line_1_34' title="bbox 152 4137 1382 4222; baseline -0.006 -16"><span class='ocrx_word' id='word_1_288' title='bbox 152 4144 278 4205; x_wconf 82' lang='lat' dir='ltr'><strong>semotus</strong></span> <span class='ocrx_word' id='word_1_289' title='bbox 299 4139 491 4222; x_wconf 78' lang='lat' dir='ltr'><strong>populusque</strong></span> <span class='ocrx_word' id='word_1_290' title='bbox 513 4187 521 4204; x_wconf 89' lang='lat'><strong>.</strong></span> <span class='ocrx_word' id='word_1_291' title='bbox 541 4187 548 4202; x_wconf 90' lang='lat'>.</span> <span class='ocrx_word' id='word_1_292' title='bbox 567 4187 601 4204; x_wconf 89' lang='lat'><strong>..</strong></span> <span class='ocrx_word' id='word_1_293' title='bbox 629 4138 782 4202; x_wconf 81' lang='lat' dir='ltr'><strong>induebat.</strong></span> <span class='ocrx_word' id='word_1_294' title='bbox 822 4137 881 4221; x_wconf 91' lang='lat' dir='ltr'><strong>IV,</strong></span> <span class='ocrx_word' id='word_1_295' title='bbox 906 4138 946 4202; x_wconf 88' lang='grc'><strong>13</strong></span> <span class='ocrx_word' id='word_1_296' title='bbox 975 4139 1003 4202; x_wconf 84' lang='lat' dir='ltr'><strong>is</strong></span> <span class='ocrx_word' id='word_1_297' title='bbox 1030 4157 1146 4218; x_wconf 77' lang='lat' dir='ltr'><strong>quoque</strong></span> <span class='ocrx_word' id='word_1_298' title='bbox 1173 4157 1276 4200; x_wconf 80' lang='lat' dir='ltr'><strong>umam</strong></span> <span class='ocrx_word' id='word_1_299' title='bbox 1304 4137 1382 4217; x_wconf 73' lang='lat' dir='ltr'><strong>lepo-</strong></span> 
     </span>
     <span class='ocr_line' id='line_1_35' title="bbox 153 4241 1381 4328; baseline -0.004 -16"><span class='ocrx_word' id='word_1_300' title='bbox 153 4249 250 4313; x_wconf 78' lang='lat' dir='ltr'><strong>tiones</strong></span> <span class='ocrx_word' id='word_1_301' title='bbox 274 4245 466 4311; x_wconf 82' lang='lat' dir='ltr'><strong>Graecorum</strong></span> <span class='ocrx_word' id='word_1_302' title='bbox 494 4246 665 4310; x_wconf 81' lang='lat' dir='ltr'><strong>ciuitatium</strong></span> <span class='ocrx_word' id='word_1_303' title='bbox 687 4245 833 4328; x_wconf 77' lang='lat' dir='ltr'><strong>praebuit</strong></span> <span class='ocrx_word' id='word_1_304' title='bbox 854 4243 973 4310; x_wconf 82' lang='lat' dir='ltr'><strong>Samiis</strong></span> <span class='ocrx_word' id='word_1_305' title='bbox 996 4295 1003 4308; x_wconf 91' lang='lat'><strong>.</strong></span> <span class='ocrx_word' id='word_1_306' title='bbox 1023 4294 1030 4308; x_wconf 94' lang='lat'><strong>.</strong></span> <span class='ocrx_word' id='word_1_307' title='bbox 1050 4292 1083 4308; x_wconf 90' lang='lat'><strong>..</strong></span> <span class='ocrx_word' id='word_1_308' title='bbox 1116 4241 1187 4309; x_wconf 79' lang='lat' dir='ltr'><strong>Cois</strong></span> <span class='ocrx_word' id='word_1_309' title='bbox 1203 4243 1381 4326; x_wconf 79' lang='lat' dir='ltr'><strong>petentibus.</strong></span> 
     </span>
     <span class='ocr_line' id='line_1_36' title="bbox 152 4350 1382 4439; baseline -0.006 -19"><span class='ocrx_word' id='word_1_310' title='bbox 152 4354 210 4439; x_wconf 91' lang='lat' dir='ltr'><strong>IV,</strong></span> <span class='ocrx_word' id='word_1_311' title='bbox 234 4353 277 4417; x_wconf 81' lang='lat'><strong>25</strong></span> <span class='ocrx_word' id='word_1_312' title='bbox 305 4353 438 4418; x_wconf 82' lang='lat' dir='ltr'><strong>oderem</strong></span> <span class='ocrx_word' id='word_1_313' title='bbox 462 4355 557 4418; x_wconf 78' lang='lat' dir='ltr'><strong>servis</strong></span> <span class='ocrx_word' id='word_1_314' title='bbox 585 4373 686 4418; x_wconf 78' lang='lat' dir='ltr'><strong>enimes</strong></span> <span class='ocrx_word' id='word_1_315' title='bbox 719 4353 754 4416; x_wconf 84' lang='lat' dir='ltr'><strong>im</strong></span> <span class='ocrx_word' id='word_1_316' title='bbox 787 4351 934 4416; x_wconf 82' lang='lat' dir='ltr'><strong>burburus</strong></span> <span class='ocrx_word' id='word_1_317' title='bbox 955 4351 1142 4434; x_wconf 80' lang='lat' dir='ltr'><strong>praepatitis</strong></span> <span class='ocrx_word' id='word_1_318' title='bbox 1170 4350 1382 4414; x_wconf 78' lang='lat' dir='ltr'><strong>Numidarum</strong></span> 
     </span>
     <span class='ocr_line' id='line_1_37' title="bbox 153 4457 1382 4544; baseline -0.005 -18"><span class='ocrx_word' id='word_1_319' title='bbox 153 4463 238 4544; x_wconf 80' lang='lat' dir='ltr'><strong>equis</strong></span> <span class='ocrx_word' id='word_1_320' title='bbox 256 4464 314 4526; x_wconf 84' lang='lat' dir='ltr'><strong>aut</strong></span> <span class='ocrx_word' id='word_1_321' title='bbox 330 4460 463 4524; x_wconf 81' lang='lat' dir='ltr'><strong>diversos</strong></span> <span class='ocrx_word' id='word_1_322' title='bbox 475 4464 587 4542; x_wconf 74' lang='lat' dir='ltr'><strong>postus</strong></span> <span class='ocrx_word' id='word_1_323' title='bbox 603 4459 841 4541; x_wconf 79' lang='lat' dir='ltr'><strong>pererruutibm.</strong></span> <span class='ocrx_word' id='word_1_324' title='bbox 878 4458 935 4542; x_wconf 91' lang='lat' dir='ltr'><strong>IV,</strong></span> <span class='ocrx_word' id='word_1_325' title='bbox 950 4460 992 4523; x_wconf 85' lang='lat'><strong>49</strong></span> <span class='ocrx_word' id='word_1_326' title='bbox 1010 4459 1099 4522; x_wconf 81' lang='lat' dir='ltr'><strong>rebus</strong></span> <span class='ocrx_word' id='word_1_327' title='bbox 1117 4457 1247 4521; x_wconf 81' lang='lat' dir='ltr'><strong>turbetis</strong></span> <span class='ocrx_word' id='word_1_328' title='bbox 1264 4457 1382 4522; x_wconf 84' lang='lat' dir='ltr'><strong>mulum</strong></span> 
     </span>
     <span class='ocr_line' id='line_1_38' title="bbox 153 4562 1440 4634; baseline -0.005 0"><span class='ocrx_word' id='word_1_329' title='bbox 153 4573 321 4634; x_wconf 72' lang='lat' dir='ltr'><strong>extremum</strong></span> <span class='ocrx_word' id='word_1_330' title='bbox 348 4567 501 4631; x_wconf 74' lang='lat' dir='ltr'><strong>discordie</strong></span> <span class='ocrx_word' id='word_1_331' title='bbox 533 4567 658 4631; x_wconf 85' lang='lat' dir='ltr'><strong>occessit</strong></span> <span class='ocrx_word' id='word_1_332' title='bbox 682 4565 731 4630; x_wconf 77' lang='lat' dir='ltr'><strong>liis</strong></span> <span class='ocrx_word' id='word_1_333' title='bbox 753 4567 934 4630; x_wconf 77' lang='lat' dir='ltr'><strong>deditionem</strong></span> <span class='ocrx_word' id='word_1_334' title='bbox 964 4565 1038 4629; x_wconf 83' lang='lat' dir='ltr'><strong>eliis</strong></span> <span class='ocrx_word' id='word_1_335' title='bbox 1060 4567 1186 4627; x_wconf 78' lang='lat' dir='ltr'><strong>mertem</strong></span> <span class='ocrx_word' id='word_1_336' title='bbox 1208 4569 1237 4628; x_wconf 91' lang='lat' dir='ltr'><strong>et</strong></span> <span class='ocrx_word' id='word_1_337' title='bbox 1261 4569 1383 4629; x_wconf 82' lang='lat' dir='ltr'><strong>metues</strong></span> <span class='ocrx_word' id='word_1_338' title='bbox 1434 4562 1440 4567; x_wconf 79' lang='grc'><em>’</em></span> 
     </span>
     <span class='ocr_line' id='line_1_39' title="bbox 154 4671 1383 4758; baseline -0.003 -18"><span class='ocrx_word' id='word_1_339' title='bbox 154 4676 235 4740; x_wconf 83' lang='lat' dir='ltr'><strong>iuter</strong></span> <span class='ocrx_word' id='word_1_340' title='bbox 248 4695 280 4739; x_wconf 81' lang='lat' dir='ltr'><strong>ae</strong></span> <span class='ocrx_word' id='word_1_341' title='bbox 293 4677 372 4738; x_wconf 83' lang='lat' dir='ltr'><strong>ictus</strong></span> <span class='ocrx_word' id='word_1_342' title='bbox 377 4673 574 4756; x_wconf 74' lang='lat' dir='ltr'><strong>parantibus.</strong></span> <span class='ocrx_word' id='word_1_343' title='bbox 598 4671 637 4758; x_wconf 90' lang='lat' dir='ltr'><strong>V,</strong></span> <span class='ocrx_word' id='word_1_344' title='bbox 650 4674 667 4737; x_wconf 78' lang='lat'><strong>7</strong></span> <span class='ocrx_word' id='word_1_345' title='bbox 684 4674 799 4738; x_wconf 78' lang='lat' dir='ltr'><strong>mactis</strong></span> <span class='ocrx_word' id='word_1_346' title='bbox 812 4673 1000 4756; x_wconf 81' lang='lat' dir='ltr'><strong>intrepidum</strong></span> <span class='ocrx_word' id='word_1_347' title='bbox 1013 4672 1131 4736; x_wconf 80' lang='lat' dir='ltr'><strong>uoltum</strong></span> <span class='ocrx_word' id='word_1_348' title='bbox 1145 4672 1210 4736; x_wconf 83' lang='lat' dir='ltr'><strong>eim</strong></span> <span class='ocrx_word' id='word_1_349' title='bbox 1222 4673 1383 4753; x_wconf 80' lang='lat' dir='ltr'><strong>spectanti·</strong></span> 
     </span>
    </p>
   </div>
   <div class='ocr_carea' id='block_1_10' title="bbox 0 0 1664 5224">
    <p class='ocr_par' dir='ltr' id='par_1_10' title="bbox 0 0 1664 5224">
     <span class='ocr_line' id='line_1_40' title="bbox 0 0 1664 5224; baseline 0 0"><span class='ocrx_word' id='word_1_350' title='bbox 0 0 1664 5224; x_wconf 95' lang='lat' dir='ltr'><strong> </strong></span> 
     </span>
    </p>
   </div>
  </div>
 </body>
</html>
