3300 5224
483 302 523 358 De
542 303 755 374 participiorum
773 323 824 360 usu
842 306 1044 376 praedicativo.
1340 309 1381 370 87

154 468 310 551 calligas,
337 465 421 550 quod
450 467 514 532 tria
544 468 691 551 exempla
718 469 759 532 ad
787 469 874 533 hunc
903 491 996 534 usum
1029 471 1225 553 pertinentia
1256 492 1323 534 non
1350 471 1385 536 in

156 574 343 657 annalibus,
367 573 495 652 ultimo,
520 574 547 638 si
565 578 693 659 tempus
714 579 853 659 spectes,
881 567 986 640 Taciti
1011 577 1145 661 scripto,
1169 579 1385 661 continentur,

155 682 213 746 sed
242 680 278 744 in
306 679 492 764 annalibus,
520 682 681 765 historiis,
709 681 864 766 Agricola
892 685 964 767 pari
993 688 1123 748 exstant
1150 705 1294 750 numero.
1345 686 1384 750 cf.

155 811 231 852 ann.
248 786 278 870 I,
297 787 386 866 59,1
412 792 449 852 at
468 789 634 870 perdasque
657 789 768 854 bellam
790 791 896 856 lavitis
914 797 971 859 aat
988 792 1176 874 capientibus
1199 796 1273 856 erat.
1309 792 1384 856 hist.

153 895 220 978 ΙΙΙ,
243 895 286 958 43
301 898 437 960 maturo
463 896 624 976 ceteraque
651 915 807 960 remanere
833 898 1000 962 aoleatibas
1020 898 1092 978 fait.
1136 899 1316 980 exemplum
1345 919 1384 962 ex

155 1002 311 1086 Agricola
330 1004 493 1084 sumptum
512 1002 578 1065 iam
603 1024 700 1087 supra
718 1005 1050 1070 commemoravimus.
1070 1040 1112 1050 -
1136 1003 1279 1069 Velleius
1297 1005 1384 1070 bunc

155 1107 310 1192 loquendi
335 1130 428 1173 usum
452 1109 640 1192 repudiavit.
776 1201 780 1208 ἡ

723 1289 743 1367 ξ
770 1288 818 1351 18.

627 1422 676 1476 Dc
699 1420 911 1478 accusativo.

247 1553 504 1619 Considerandus
537 1555 599 1618 erit
627 1577 703 1618 usus
730 1555 916 1638 verborum,
944 1556 1054 1639 qualia
1081 1560 1171 1621 sunt:
1213 1556 1383 1640 tradere,

154 1662 401 1746 permittere,
424 1661 646 1744 relinquere
675 1661 811 1726 aliorum
834 1683 906 1726 cum
931 1663 1113 1726 accusativo
1137 1663 1301 1746 participii
1324 1665 1382 1728 fut.

153 1790 243 1850 pass.
270 1766 523 1834 coniunctorum.
574 1771 670 1852 atque
703 1767 873 1832 notissima
905 1791 957 1832 res
985 1771 1035 1832 est
1063 1769 1268 1852 participium
1304 1771 1381 1836 illud
1452 1834 1456 1842 ,

153 1875 190 1938 in
220 1873 282 1939 hac
310 1873 534 1939 coniunctione
563 1873 745 1959 designare,
777 1874 818 1938 ad
849 1875 934 1959 quod
967 1876 1137 1940 consiliam
1171 1876 1255 1941 actio
1283 1879 1382 1943 verbo

153 1979 291 2046 definita
318 1983 450 2064 spectet
492 1981 598 2046 finalis
626 1985 732 2046 autem
764 1981 960 2066 significatio
988 1983 1061 2046 inde
1088 1983 1228 2065 perbene
1255 1986 1383 2048 conclu-

153 2087 262 2152 denda
286 2109 355 2152 csse
379 2087 516 2171 videtur,
540 2089 627 2171 quod
645 2110 879 2172 nonnunquam
902 2088 976 2152 huic
1000 2089 1073 2152 usui
1097 2091 1196 2154 etiam
1219 2092 1382 2174 praeposi-

153 2196 203 2260 tio
227 2205 277 2260 ad
306 2217 378 2260 cum
401 2195 583 2260 accusativo
611 2193 780 2279 gerundivi
808 2194 980 2258 coniuncta
1007 2194 1058 2258 vel
1086 2195 1174 2259 solus
1203 2195 1382 2261 infinitivus

153 2301 351 2384 inserviunt,
374 2323 567 2386 quamquam
592 2300 741 2365 infinitivi
764 2322 839 2364 usus
860 2300 965 2384 magis
989 2299 1030 2364 ad
1053 2305 1166 2383 poetas
1186 2302 1326 2384 pertinet
1350 2308 1383 2368 et

152 2412 189 2474 in
214 2411 321 2473 soluta
340 2409 485 2473 oratione
515 2431 581 2472 non
612 2407 675 2471 nisi
697 2429 755 2491 per
778 2406 841 2470 duo
865 2407 963 2470 verba
991 2407 1079 2470 dare
1103 2411 1136 2472 et
1158 2410 1382 2474 ministrare
1451 2395 1453 2400 ’

153 2516 285 2583 admitti
314 2515 405 2583 solet.
446 2515 516 2583 Ter.
544 2514 644 2590 Andr.
667 2513 730 2598 III,
753 2515 832 2596 2‚4
864 2515 945 2595 qaod
970 2515 1049 2578 lassi
1076 2516 1104 2594 ee'
1131 2517 1203 2580 dari
1231 2516 1329 2581 bibere
1354 2523 1385 2582 et

151 2629 306 2706 quantem
330 2623 479 2703 imperavi
493 2623 579 2688 elate.
616 2621 681 2688 (lic.
700 2620 793 2686 Tusc.
817 2620 846 2704 I,
870 2622 927 2704 26,
951 2621 993 2684 65
1012 2642 1066 2685 acc
1082 2621 1256 2698 Homerum
1279 2625 1382 2708 acedia,

152 2733 210 2812 qai
228 2729 438 2812 Ganymedeae
459 2731 633 2810 disraptaae
655 2727 703 2792 aa
718 2731 846 2808 propter
865 2726 1002 2806 formam
1023 2730 1060 2790 at
1076 2725 1147 2790 Ioci
1169 2727 1267 2792 bibere
1288 2729 1381 2794 aa'ae'-
1404 2776 1408 2784 -

152 2842 275 2904 straret.
307 2837 375 2900 Liv.
393 2834 465 2916 XL,
484 2836 525 2898 47
550 2839 586 2898 at
607 2833 704 2898 bebere
726 2833 785 2898 aba
807 2833 921 2898 iuberet
942 2833 1022 2896 dari.
1063 2831 1137 2896 inde
1161 2834 1259 2897 etiam
1287 2835 1380 2900 facile

154 2945 357 3030 intellegitur
371 2939 653 3027 Naegelsbaehi11)
672 2944 879 3023 praeceptum
894 2961 956 3022 quo
975 2939 1003 3004 is
1022 2939 1143 3006 tirones
1158 2962 1268 3005 cavere
1282 2941 1382 3020 iubet,

154 3076 196 3116 ne
219 3052 328 3136 ipsum
347 3048 558 3134 gerundivum
582 3070 639 3130 pro
660 3047 785 3112 obiecto
805 3046 962 3132 habeant,
984 3045 1166 3131 falsumque
1189 3048 1254 3112 tale
1278 3070 1381 3112 exem-

155 3160 245 3244 plum
274 3178 344 3220 esse
372 3155 508 3234 iudicat,
541 3154 718 3238 qualesit:
756 3152 958 3216 delendum
990 3158 1146 3236 pontem
1180 3154 1381 3240 impedire.

155 3288 216 3330 nos
240 3285 350 3328 veram
369 3262 530 3326 rationem
550 3283 587 3325 eo
611 3261 682 3344 ipso
705 3258 932 3343 indicavimus,
956 3261 1042 3343 quod
1065 3261 1137 3324 usui
1160 3261 1380 3345 praedicativo

155 3374 235 3438 haec
255 3369 411 3456 gerundia
429 3368 644 3434 attribuimus.
682 3370 897 3449 cantantem,
921 3389 1002 3450 quae
1022 3366 1084 3430 huc
1103 3370 1249 3448 spectant
1269 3369 1379 3432 verba:

155 3460 313 3562 habere,
344 3476 511 3558 tradere,
542 3474 742 3559 praebere,
781 3495 942 3555 sumere,
975 3475 1188 3558 suscipere,
1220 3475 1379 3558 permit-

156 3592 250 3665 tere,
283 3584 516 3668 relinquere,
549 3603 705 3666 poscere
741 3577 840 3666 (apud
874 3577 1051 3666 Tacitum);
1086 3581 1228 3663 locare,
1261 3582 1379 3645 relin-

157 3715 285 3777 quere,
313 3691 512 3773 suscipere
536 3689 636 3774 (apud
660 3684 848 3773 Velleium)3
878 3687 983 3771 dare,
1013 3687 1243 3765 attribuere,
1271 3711 1380 3777 prae·¹

155 3801 247 3863 bere
271 3797 370 3884 (apud
390 3791 602 3880 Sallustium).
624 3831 660 3840 -
687 3794 840 3876 Inprimis
860 3793 1037 3858 notandum
1058 3796 1107 3856 est
1124 3793 1215 3857 verbi
1235 3816 1381 3878 curare,

158 3907 245 3991 quod
274 3904 358 3987 apud
382 3896 533 3967 classicos
565 3902 738 3984 scriptores
766 3902 799 3965 in
830 3901 952 3976 deliciis
979 3902 1130 3985 habetur,
1163 3901 1287 3966 nullum
1319 3925 1380 3966 nos

155 4011 317 4076 invenisse
346 4010 540 4092 exemplum,
569 4011 603 4070 at
631 4011 756 4090 septem
780 4007 884 4072 Taciti
913 4009 992 4072 locis
1017 4009 1159 4072 verbum
1174 4008 1317 4071 habere
1343 4031 1380 4071 ex

156 4118 366 4182 similitudine
390 4116 559 4179 verboram
588 4114 756 4197 tradere,
779 4116 1008 4197 permittere
1037 4115 1172 4178 aliorum
1197 4137 1266 4178 esse
1291 4136 1379 4178 usur·
1412 4170 1415 4174 .

156 4229 279 4309 patum.
315 4224 377 4288 hoc
400 4221 505 4286 Taciti
529 4221 628 4284 solius
652 4221 778 4286 videtur
800 4221 968 4305 proprium
991 4243 1069 4286 esse.

245 4331 415 4394 Pertinent
435 4327 510 4392 huc:
542 4327 617 4392 Tac.
636 4349 710 4392 ann.
728 4327 786 4412 IV,
804 4329 847 4392 40
864 4348 955 4410 posse
977 4329 1079 4410 elasam
1101 4329 1227 4392 latam
1250 4332 1381 4392 stataere

154 4439 330 4504 aabeadara
347 4441 419 4518 post
440 4435 584 4500 Deusara
606 4456 650 4498 aa
673 4436 707 4498 ia
724 4435 889 4516 peccabas
911 4435 1007 4499 isdem
1037 4435 1229 4498 tolerandam
1252 4433 1380 4500 baberet.

229 4649 255 4716 1)
275 4647 335 4700 Lac.
356 4645 411 4702 aa,
429 4664 457 4715 p.
477 4651 519 4698 cc.
