3340 5218
243 242 307 307 104
777 240 932 310 capuerv.

242 409 331 490 sunt,
362 406 397 469 in
430 406 545 489 quibus
573 427 612 468 ex
644 403 908 468 antecedentibus
939 402 1118 468 subiectum
1151 404 1328 488 suppletur.
1377 402 1477 468 velut

242 512 454 596 11111111,
478 512 499 577 5
521 511 594 576 daec
616 515 644 575 et
667 511 745 575 tatia
767 510 956 592 apitaatibus
975 530 1148 592 prenoscere
1169 511 1308 575 ualetudo
1321 510 1475 593 Augusti.

241 619 271 698 I,
295 619 337 684 29
361 619 520 684 orantibus
547 638 675 683 rursura
701 618 781 682 idern
804 617 953 682 Blaesius
975 622 1004 682 et
1017 617 1143 682 ¹Iturius
1165 616 1327 700 Apronius
1348 619 1391 682 ad
1415 617 1474 680 Ti-

241 727 358 792 berium
386 728 559 791 mitteantur.
601 722 695 808 XIII,
726 725 744 788 1
773 723 976 806 culpantibus.
1017 722 1113 808 XIII,
1143 725 1183 788 15
1210 724 1474 808 promittentibus.

242 833 318 898 hist.
340 830 397 910 IV,
420 824 682 914 tepescentibus.
718 827 774 908 IV,
799 831 840 894 27
864 829 1090 896 minitantibus.
1127 831 1226 896 etiam
1253 852 1386 914 prorsus
1409 830 1472 894 im-

242 938 458 1023 personaliter
478 937 638 1002 ablativus
658 939 842 1021 usurpatur,
861 934 946 1020 quod
965 935 1090 1020 accidit,
1109 937 1137 1002 si
1155 937 1249 1020 ratio,
1272 958 1353 1021 quae
1372 937 1470 1001 inter·

243 1045 327 1110 cedit
353 1045 440 1109 inter
469 1044 647 1110 ablativum
675 1043 942 1128 enuntiatumque
971 1043 1161 1108 antecedens
1189 1065 1258 1110 non
1281 1065 1320 1108 ea
1342 1047 1405 1127 est,
1434 1047 1476 1107 ut

242 1153 363 1216 habeas
401 1151 593 1234 subiectum,
631 1151 717 1234 quod
745 1149 905 1234 suppleas.
945 1172 1028 1215 unus
1056 1151 1111 1215 ille
1140 1152 1230 1217 locus
1260 1151 1336 1216 hist.
1358 1149 1416 1235 IV,
1443 1153 1475 1234 l,

244 1259 301 1322 ubi
322 1258 529 1343 participium
558 1280 636 1323 sane
662 1281 729 1323 non
756 1260 806 1351 est
833 1258 989 1341 temporis
1021 1259 1199 1342 praesentis
1227 1259 1290 1324 hue
1316 1259 1475 1342 pertinet:

241 1367 361 1447 passion
389 1366 562 1450 aucidutis,
589 1371 625 1430 ut
651 1386 796 1448 premique
820 1366 888 1447 fors
915 1365 1070 1430 obtuderat.
1098 1403 1134 1412 -
1166 1364 1317 1431 Ceterum
1347 1387 1476 1449 caveae,

243 1494 284 1536 ne
307 1472 393 1536 hunc
417 1494 510 1537 usum
534 1471 711 1538 confundas
741 1494 813 1537 cum
836 1471 945 1536 dativo
969 1471 1131 1556 participii
1159 1473 1352 1558 praesentis,
1376 1495 1476 1557 quern

244 1580 390 1644 absolute
420 1579 564 1664 positum
593 1601 663 1644 esse
697 1579 779 1644 falso
808 1578 928 1643 dieunt.
979 1579 1024 1643 sic
1052 1577 1196 1663 Draeger
1224 1583 1257 1644 11
1283 1577 1475 1664 Nipperdey

245 1684 299 1773 (ad
323 1709 396 1751 ann.
415 1687 440 1770 I,
454 1685 511 1772 29)
534 1687 657 1751 habent
679 1709 737 1771 pro
761 1685 912 1770 ablativo,
935 1686 1021 1772 quod
1045 1688 1095 1750 est
1117 1671 1244 1751 dativus
1269 1683 1392 1779 (Agris.
1417 1688 1474 1773 183

107 1805 113 1818 ·
243 1793 318 1859 use.
342 1793 368 1879 1,
391 1795 448 1881 aa
469 1794 512 1878 11,
536 1793 603 1880 50).

244 1987 268 2055 1.
312 1990 357 2056 De
381 1988 525 2054 ablativo
550 1988 696 2055 absoluto
726 1989 816 2055 euius
845 1988 1022 2054 subiectum
1050 1987 1085 2053 iu
1108 1987 1275 2055 enuntiato
1299 1989 1476 2073 principali

765 2095 956 2162 commater.

334 2221 397 2286 Hie
417 2244 492 2287 usus
513 2222 685 2288 admodum
705 2222 911 2288 cucumeisus
931 2224 989 2286 est.
1020 2219 1208 2287 Ciceronem
1232 2225 1320 2288 certe
1344 2224 1476 2288 constat

245 2329 330 2394 hauc
362 2329 527 2394 licentiam
556 2352 622 2394 non
654 2329 837 2412 admisisse,
865 2328 928 2392 nisi
956 2348 1149 2412 pronomen,
1177 2329 1263 2412 quod
1293 2329 1474 2394 subiectum

246 2437 404 2502 enuntiati
434 2435 613 2501 secundarii
641 2439 703 2520 est,
732 2435 879 2519 inprimis
909 2435 1123 2499 exhibendam
1153 2438 1231 2500 erat
1277 2435 1361 2501 Livii
1383 2435 1475 2501 locos

247 2544 378 2629 collegit
401 2543 634 2608 Weissenborn
664 2542 704 2606 ad
728 2543 797 2608 Liv.
820 2541 849 2626 I,
872 2543 924 2624 28,
950 2543 1000 2606 10.
1044 2540 1188 2606 Velleius
1207 2543 1326 2608 reicere
1349 2543 1476 2608 videtur

246 2651 331 2714 hane
362 2649 554 2714 libertatem.
611 2646 755 2714 Sallustii
794 2671 890 2731 unus,
928 2647 1032 2714 Taciti
1068 2649 1248 2732 complures
1280 2650 1342 2714 loci
1379 2650 1476 2714 nobis

246 2759 375 2840 praesto
399 2757 488 2818 sunt:
519 2777 592 2818 ann.
614 2755 704 2839 XIV,
731 2757 771 2820 10
799 2757 852 2820 sed
879 2776 900 2818 a
923 2753 1054 2820 Caesare
1069 2756 1203 2838 perfecto
1226 2758 1347 2821 11111111
1369 2757 1477 2822 scetere

247 2863 426 2946 raupaitado
454 2863 519 2926 eius
546 2863 698 2928 intellecta
725 2866 775 2928 est.
817 2861 888 2942 XV,
912 2862 955 2926 30
982 2863 1133 2945 ropitaate
1159 2884 1227 2946 repe
1254 2884 1364 2928 causas
1387 2913 1394 2928 .
1414 2913 1421 2926 .
1440 2912 1477 2929 ..

247 2975 354 3035 aoacta
378 2971 412 3033 ia
434 2969 537 3033 maius
560 2969 702 3034 attollens
723 2970 929 3034 admiratione
945 2971 1047 3050 prisci
1068 2971 1164 3034 aroris
1187 2969 1297 3049 affecit.
1338 2967 1409 3052 XV,
1432 2969 1474 3034 51

247 3077 458 3142 mactantibus
486 3076 773 3157 prolatantibusque
799 3095 882 3157 111111
909 3097 946 3140 ac
977 3081 1090 3141 metum
1117 3075 1286 3158 Epicharis
1317 3077 1478 3141 (1111111111

248 3188 277 3248 11
297 3203 424 3265 arguere
451 3182 635 3247 coniuratos
677 3179 770 3265 XVI,
796 3182 837 3245 14
864 3182 917 3246 ille
939 3181 1048 3248 1111111
1076 3204 1188 3248 aeman
1212 3184 1389 3248 tarditatem
1411 3185 1478 3248 eius

245 3310 376 3374 prcrsra
402 3288 556 3354 intercisis
582 3289 667 3353 uenis
693 3291 820 3352 matera
847 3290 1070 3370 approperacit.
1111 3289 1205 3372 XVI,
1230 3291 1269 3354 11
1300 3311 1360 3372 quo
1383 3291 1478 3355 inter·

247 3400 323 3481 fecto
353 3399 427 3462 dura
456 3416 521 3460 reru
548 3395 742 3475 familiarem
771 3395 837 3460 eius
863 3395 977 3458 acriter
1003 3397 1140 3478 requirit.
1182 3394 1258 3461 Sall.
1282 3395 1354 3462 Cat.
1376 3398 1432 3481 48,
1458 3397 1476 3460 1

249 3527 307 3588 quo
334 3504 462 3585 facilius
489 3503 641 3584 appellato
666 3501 777 3567 Crasso
800 3522 857 3583 per
883 3502 1053 3566 societatem
1074 3503 1209 3584 periculi
1235 3503 1368 3586 religuos
1389 3503 1478 3567 iltius

244 3611 383 3693 potentia
413 3614 526 3692 teperet.
557 3647 595 3654 ψ
633 3608 754 3684 Quodsi
784 3611 892 3671 autem
922 3608 983 3672 hoc
1018 3607 1139 3674 idioma
1169 3614 1281 3674 eontra
1311 3611 1478 3694 generales

252 3717 387 3780 ablativi
416 3717 515 3782 absol.
545 3738 622 3779 usus
650 3715 737 3800 leges
765 3719 904 3799 pugnat,
932 3715 1113 3800 quaerItur,
1135 3737 1191 3780 cnr
1213 3721 1322 3782 tamen
1344 3716 1478 3799 scripto·

250 3845 301 3888 res
329 3823 362 3886 id
394 3845 460 3887 non
492 3821 699 3906 repudiarint.
736 3843 833 3885 causa
878 3843 916 3886 ea
948 3843 1018 3886 esse
1051 3822 1190 3905 videtur,
1223 3823 1308 3906 quod
1341 3823 1480 3907 scriptor

251 3930 379 4014 singula
398 3929 535 3993 actionis
558 3932 713 4013 tanquam
737 3929 881 3992 membra
901 3928 1076 4013 disponere
1092 3929 1202 4012 itaque
1222 3930 1403 3994 accuratius
1426 3925 1499 3992 des

251 4036 385 4121 pingere
422 4034 553 4099 studuit
608 4039 775 4119 praeterea
810 4034 843 4099 id
877 4056 1111 4120 nonnunquam
1149 4035 1268 4119 effecit,
1309 4039 1346 4099 ut
1381 4035 1478 4099 duras

252 4145 431 4206 structuras
454 4140 548 4205 facile
572 4141 697 4205 vitaret.

424 4337 461 4402 Κ.
503 4337 547 4400 De
571 4334 717 4402 ablativo
741 4334 888 4402 absoluto
910 4335 1077 4419 partiprii
1099 4335 1204 4401 futuri
1226 4353 1309 4419 pass.

342 4463 415 4527 Iure
438 4461 563 4526 mireris
587 4461 625 4526 de
649 4462 932 4547 explicationibus,
957 4461 1073 4544 quibus
1096 4461 1235 4527 editores
1263 4461 1352 4526 locos
1375 4461 1480 4526 Taua

255 4570 411 4658 quosdam
447 4569 694 4634 obscurissimos
733 4590 806 4634 anu.
840 4567 903 4653 III,
938 4569 989 4652 19,
1023 4569 1110 4654 XIV,
1140 4570 1162 4632 4
1197 4568 1378 4634 illustrasse
1417 4567 1480 4632 sibi
