3330 5228
245 229 289 292 30
787 225 878 297 Caput
895 226 929 284 ΙΙ.

246 391 362 476 quibus
385 392 510 455 nullum
534 391 639 456 Taciti
664 414 744 477 opus
763 391 936 475 perfectius
960 394 1022 474 est,
1045 389 1125 454 haec
1151 389 1310 472 exempla,
1334 409 1475 472 quorum

246 498 422 562 similitudo
448 500 531 582 apud
555 499 682 564 nullum
706 498 806 563 alium
830 498 1018 582 scriptorem
1042 500 1159 582 exstat,
1183 496 1399 561 inveniantur.

335 621 405 687 Iam
433 645 527 689 usum
555 624 708 708 loquendi
735 623 770 687 in
792 623 934 687 medium
962 621 1179 705 proferamus,
1207 622 1259 686 cui
1287 621 1472 704 excolende,

246 752 441 814 quamquam
460 719 571 796 omnes
595 731 662 795 fere
682 730 854 814 scriptores
875 729 1092 814 aequabiliore
1113 728 1217 793 studio
1238 751 1311 792 eum
1331 727 1472 812 amplexi

247 841 332 922 sunt,
351 841 461 903 tamen
480 860 564 903 unus
584 839 705 902 alterve
724 837 845 901 maiore
865 837 1027 922 elegantia
1045 835 1199 900 incubuit.

299 1102 333 1168 Β.
367 1104 412 1169 Dc
434 1103 607 1188 participio
630 1103 709 1186 perf.
734 1121 819 1187 pass.
843 1121 900 1187 pro
924 1102 1129 1169 substantivo
1153 1100 1280 1168 verbali
1303 1101 1418 1184 posito.

333 1263 439 1329 Huius
462 1266 510 1330 rei
533 1267 618 1349 apud
638 1264 827 1331 Ciceronem
850 1267 977 1351 parcius
1009 1265 1173 1330 adhibitae
1204 1264 1288 1348 apud
1310 1259 1471 1348 Livium¹)

247 1375 280 1435 et
298 1371 447 1436 Tacitum
466 1395 626 1437 summam
645 1374 877 1438 abundantiam
896 1378 928 1439 et
947 1373 1137 1438 varietatem
1154 1372 1345 1437 invenimus.
1372 1373 1471 1455 atque

246 1479 405 1563 imprimis
428 1480 653 1545 memorabilia
683 1484 760 1545 sunt
787 1481 845 1545 illa
872 1480 1060 1565 partieipia,
1088 1501 1168 1562 quae
1198 1480 1289 1544 verbi
1319 1480 1470 1542 naturam

246 1585 325 1650 adeo
350 1586 536 1671 amiserunt,
559 1590 596 1652 ut
619 1611 851 1673 nonnunquam
870 1589 1014 1654 actiones
1034 1588 1103 1652 sine
1122 1587 1279 1652 relatione
1302 1585 1471 1671 praeteriti

230 1693 401 1776 'temporis
431 1693 622 1778 significent.
664 1699 806 1760 ceterum
829 1693 1007 1781 Draegerss)
1038 1693 1130 1760 valde
1155 1697 1256 1779 errat,
1284 1714 1356 1758 cum
1385 1691 1473 1755 dieat

246 1797 332 1863 hunc
356 1821 451 1863 usum
474 1822 493 1862 a
517 1798 664 1865 Sallustii
687 1802 817 1886 seriptis
841 1803 983 1867 alienum
1007 1824 1086 1867 esse.

336 1922 418 1988 Sunt
438 1929 545 1988 autem
564 1926 711 2009 exempla
734 1927 825 1992 haec:
851 1928 925 2028 Tap.
946 1951 1019 1993 ann.
1037 1927 1067 2012 Ι,
1088 1928 1129 1992 78
1153 1927 1199 1992 ito
1212 1925 1377 2009 inanimae
1394 1922 1492 1987 sadi·-

246 2031 338 2096 tianis
360 2032 441 2096 maie
463 2033 601 2097 aansnlta
623 2034 733 2116 prribns
755 2036 883 2100 sedecim
905 2036 1127 2118 stipendiorum
1150 2035 1243 2116 'inem
1262 2031 1473 2113 expresserant

245 2137 360 2202 abolita
378 2139 413 2201 in
430 2143 596 2220 posteram.
632 2140 681 2222 II,
701 2140 744 2206 50
767 2143 802 2222 in
820 2163 851 2206 se
873 2143 956 2207 insta
974 2143 1055 2207 nolle
1073 2142 1115 2206 ad
1132 2141 1342 2224 capitationem
1360 2135 1472 2201 vacari.

244 2243 309 2329 ΙΙΙ,
334 2244 374 2307 19
398 2246 472 2308 drrm
495 2247 554 2311 aiii
575 2267 695 2328 qnoqna
717 2251 805 2313 niodo
829 2251 938 2314 eredita
954 2269 1015 2331 pro
1038 2249 1198 2330 compertis
1216 2245 1393 2330 ‘pinsebant
1429 2240 1472 2325 ΙΙ,

246 2349 289 2414 55
316 2371 374 2432 qna
391 2355 610 2434 properantius
632 2355 787 2419 destinata
809 2356 961 2437 inciperet.
998 2354 1062 2439 ΙΙΙ,
1085 2355 1128 2418 42
1157 2354 1281 2418 interim
1308 2351 1397 2433 floris
1423 2351 1471 2413 in·

246 2457 351 2522 sistere
373 2459 542 2525 destinatis.
578 2459 642 2541 III,
660 2461 704 2525 44
727 2467 913 2546 compererat
930 2463 1051 2528 modica
1068 2482 1130 2526 esse
1148 2467 1176 2527 et
1197 2461 1331 2544 anlpntis
1350 2459 1472 2523 leniam.

244 2563 308 2647 ΙΙΙ,
331 2563 375 2628 54
398 2566 427 2628 si
442 2564 602 2646 prohibita
623 2567 749 2652 impnne
773 2571 1003 2634 transcenderis.
1040 2567 1104 2653 ΙΠ,
1128 2569 1170 2633 69
1194 2589 1232 2633 ne
1254 2569 1402 2632 verterent
1422 2583 1472 2627 sa·

241 2671 361 2754 pienter
382 2677 501 2753 reperta
519 2678 548 2736 et
568 2693 684 2756 semper
700 2676 830 2758 placita.
866 2675 923 2761 IV,
942 2677 963 2740 2
985 2680 1105 2758 nepotes
1129 2675 1230 2739 adniti
1248 2693 1369 2738 maram
1392 2670 1473 2752 eapi-

197 2857 200 2864 ,
246 2779 286 2842 tis
309 2778 484 2858 afferebant.
520 2778 612 2863 1V,9
638 2782 680 2846 ad
701 2803 784 2847 anna
803 2787 832 2847 et
853 2783 961 2846 totiens
983 2782 1082 2847 irrisa
1102 2781 1263 2846 reoalntns.
1296 2778 1357 2863 VI,
1372 2779 1414 2842 22
1433 2798 1472 2842 αα

245 2906 328 2950 ranno
350 2887 466 2967 incepta
489 2887 610 2969 lanpins
633 2887 769 2953 obierim.
812 2886 872 2973 Vr,
897 2889 938 2952 31
968 2908 1054 2969 senne
1076 2888 1227 2952 inansnrn
1243 2905 1387 2969 possessa
1403 2883 1472 2966 pri-

246 3012 332 3055 mnm
350 2991 430 3074 Opra
452 2997 566 3074 etpost
586 2994 767 3059 Aiennndra
788 3045 794 3058 .
814 3045 821 3058 .
840 3046 847 3060 .
867 3044 874 3058 .
891 3015 951 3076 per
972 2995 1078 3058 minas
1095 2992 1220 3057 iacebat.
1254 2993 1297 3056 ib.
1320 2991 1474 3056 destinata

246 3098 387 3162 retinens
428 3097 506 3182 XII,
528 3100 571 3164 48
588 3105 745 3182 poteretnr
767 3101 972 3165 Radamistus
994 3100 1074 3164 mate
1090 3101 1204 3180 partis.
1246 3097 1342 3177 XIII,
1366 3097 1409 3162 50
1435 3117 1474 3160 ne

242 3225 300 3286 per
322 3209 366 3268 tat
385 3225 485 3269 annas
507 3207 573 3269 sine
595 3206 729 3287 arimatia
753 3206 881 3270 tolerata
903 3207 991 3269 nanis
1018 3204 1233 3270 acerbitatibus
1256 3204 1298 3268 ad
1319 3201 1472 3266 invidiam

245 3316 400 3376 uerterent.
436 3310 525 3394 XIV,
546 3311 586 3376 18
611 3310 694 3374 Nera
706 3311 841 3393 probata
858 3310 1022 3377 Strabonis
1044 3312 1194 3375 sententia
1215 3330 1247 3375 se
1268 3309 1473 3374 rrilribminns

246 3417 402 3483 snbaenire
420 3419 510 3483 sociis
527 3421 557 3481 et
577 3421 730 3498 nsnrpata
748 3420 904 3483 concedere
925 3417 1088 3499 rescripsit.
1127 3415 1215 3499 XIV,
1230 3417 1272 3480 29
1296 3415 1338 3480 Α.
1356 3413 1473 3479 Didins

248 3525 364 3608 leyatns
387 3577 393 3590 .
414 3577 420 3590 .
440 3576 447 3588 .
467 3575 473 3588 .
497 3525 561 3588 nisi
577 3527 676 3605 parta
698 3525 868 3590 retinuerat
890 3577 896 3590 .
917 3575 923 3589 .
943 3576 973 3588 ..
996 3528 1091 3588 marte
1107 3523 1292 3605 praterbitas.
1334 3520 1406 3608 XV,
1430 3519 1473 3586 52

246 3633 368 3713 enseqni
386 3633 546 3696 destinata.
578 3627 650 3712 XV,
665 3631 686 3692 2
709 3651 804 3695 cansa
822 3626 1029 3713 qrram'armis
1046 3631 1175 3694 retinere
1187 3634 1286 3712 parta
1304 3627 1473 3694 maiardms

247 3738 428 3802 malneram.
468 3738 543 3802 hist.
571 3735 616 3819 Π,
645 3734 688 3800 50
720 3741 756 3799 nt
786 3738 961 3820 corrqnirere
985 3737 1130 3818 fabniosa
1159 3742 1187 3801 et
1220 3736 1300 3819 detis
1329 3736 1474 3800 ablactare

248 3844 409 3926 tepentinm
432 3845 553 3909 animos
569 3842 681 3925 proerd
696 3845 849 3925 pronitate
866 3845 962 3926 coepti
980 3846 1079 3927 aperis
1097 3844 1277 3908 crediderim
1300 3844 1346 3908 ita
1368 3844 1472 3926 ααῑαα-

248 3952 288 4015 tis
307 3951 486 4034 traditisqne
503 3953 619 4016 demere
636 3951 727 4033 pidem
745 3973 808 4016 non
831 3953 942 4016 nasim.
980 3951 1027 4034 ΙΙ,
1046 3951 1089 4014 24
1112 3950 1218 4015 amnia
1236 3954 1346 4032 coepta
1379 3949 1471 4033 ΙΙΙ,6
1564 3955 1567 3962 “

247 4058 327 4122 mnia
343 4062 449 4141 parta.
485 4056 534 4120 III
540 4109 548 4141 ,
567 4058 616 4122 33Δ
632 4058 738 4123 obdita
759 4060 895 4123 serutari
912 4059 1032 4139 defossa
1054 4059 1180 4121 irrnare.
1217 4054 1279 4140 ΠΙ,
1298 4057 1340 4120 39
1359 4057 1470 4138 protam

247 4166 342 4229 inssn.
378 4163 434 4249 IV,
452 4164 493 4229 51
519 4170 668 4247 torinnam
691 4165 836 4230 terminos
858 4165 969 4229 aetatis
987 4169 1017 4228 et
1037 4182 1175 4228 concesso
1193 4162 1260 4245 filio
1278 4163 1473 4244 epraderetnr.

247 4269 332 4335 Vell.
355 4269 402 4354 ΙΙ,
425 4273 467 4336 88
495 4273 576 4337 mate
613 4273 820 4338 eonsnitarnm
847 4293 965 4354 paenas
996 4271 1130 4336 exsolvit.
1176 4269 1295 4353 109,2
1331 4289 1368 4333 αα
1395 4269 1475 4334 rnale

248 4413 461 4423 —---—-——..

323 4486 348 4550 1)
367 4483 401 4537 cf.
421 4483 575 4549 Luebbert‚
596 4481 847 4537 commentationes
867 4483 986 4550 syntact.
1015 4481 1035 4534 I.
1061 4481 1158 4536 Gissae
1179 4484 1257 4543 1871,
1276 4494 1339 4548 pag.
1360 4483 1401 4532 20.

321 4571 347 4631 2)
367 4569 429 4624 Stil.
449 4571 515 4625 Tae.
535 4575 550 4634 ξ
569 4575 629 4626 211.
