3340 5218
275 304 316 367 72
532 303 623 372 Caput
640 303 686 358 IV.
716 305 758 357 De
777 301 989 373 participiorum
1008 321 1059 357 usu
1079 301 1254 359 attributivo.

270 469 460 532 aeeudendu
482 489 534 549 spe
552 467 683 548 aliisque
701 467 771 531 beili
788 467 1004 532 incitamentis.
1031 466 1120 550 XIII,
1135 467 1176 530 31
1202 467 1371 532 laudandis
1385 468 1506 547 druda-

270 575 381 639 rnentis
404 579 433 638 et
454 573 591 638 trabibus
614 624 621 639 .
642 623 648 636 .
669 624 675 638 .
698 574 857 639 columina
880 575 1007 656 cupiere.
1039 573 1082 636 ib.
1105 591 1180 638 narn
1199 579 1292 638 anua
1313 595 1377 638 non
1396 575 1507 639 uinus

271 681 330 745 iuli
352 681 514 762 larqitione
537 701 631 762 quani
649 681 851 762 corripiendis
869 682 1010 762 pecuniis
1028 681 1174 745 subiectos
1191 681 1381 764 asdiqebaut.
1411 679 1504 764 XIV,

274 788 313 851 19
341 787 586 871 insinuabitis
609 787 726 851 orando
753 808 870 870 causas,
894 785 1044 852 Seruilius
1071 788 1125 851 diu
1146 788 1215 866 foro
1242 807 1314 852 rnou
1342 787 1505 852 tradendis

271 894 359 958 rebus
381 893 542 957 Rornanis.
573 890 644 975 XV,
658 892 701 956 45
725 894 915 975 conserendis
928 895 1070 975 pecuniis
1087 899 1267 976 peruastato
1285 894 1394 959 Italia.
1425 894 1504 958 hist.

271 999 328 1078 IV,
352 1000 395 1064 80
422 1020 517 1080 neque
543 999 607 1078 ipse
635 999 739 1063 decrat
766 1001 950 1082 arroqantia
979 1021 1085 1065 uocare
1115 1000 1248 1080 offensas
1274 1001 1394 1065 nimius
1421 1021 1503 1065 eorn-

270 1107 478 1172 rnernoraudis
500 1125 578 1186 quae
600 1105 766 1171 munisset.
808 1107 917 1192 Agris.
941 1107 960 1170 9
984 1109 1164 1174 ostendenda
1185 1109 1304 1171 uirtute.
1347 1107 1389 1170 31
1413 1107 1504 1171 siluis

270 1221 299 1280 et
328 1211 496 1297 paludibus
527 1213 726 1276 emuniendis.
772 1214 816 1279 45
847 1216 1029 1280 denotandis
1057 1220 1100 1279 tot
1129 1214 1290 1278 boruiuuru
1317 1214 1502 1295 palloribus.

271 1343 346 1385 anu.
368 1318 426 1401 IV,
450 1317 492 1382 52
521 1321 710 1400 capessendis
737 1321 989 1386 accusationibus.
1031 1320 1091 1405 VI,
1124 1322 1161 1385 17
1191 1341 1311 1384 ornaenr
1332 1322 1501 1402 pecuniane

270 1426 444 1491 mercandis
458 1426 543 1506 apris
557 1426 764 1490 condiderant.
797 1426 888 1511 XIII,
903 1428 922 1491 3
937 1428 1106 1509 aliqnando
1120 1426 1311 1492 carrninibus
1323 1428 1503 1509 punpendis

272 1538 368 1599 inesse
390 1531 450 1596 sibi
473 1531 618 1595 eiernentu
636 1534 793 1597 doetrinae
811 1534 989 1598 ostendebat.
1017 1534 1092 1598 hist.
1107 1533 1165 1618 III,
1181 1535 1222 1598 76
1236 1535 1377 1616 pecuniis
1395 1535 1501 1598 acerbe

269 1663 324 1724 per
347 1637 520 1718 urrrricipia
544 1638 758 1718 conquirendis
774 1641 850 1720 plus
872 1642 1010 1705 inuidiae
1031 1661 1126 1722 quarn
1148 1642 1270 1705 eirirrnu.
1305 1640 1363 1715 IV,
1390 1642 1432 1705 26
1457 1642 1502 1705 ibi

271 1747 419 1813 struenda
441 1744 506 1807 acie
529 1793 535 1805 .
556 1793 562 1805 .
583 1793 589 1806 .
612 1745 741 1809 utilitern
760 1746 937 1827 densabant.
945 1744 970 1830 1)

430 1893 466 1956 b)
490 1892 654 1950 Sallustii:

360 2012 436 2076 hist.
460 2011 485 2094 I,
507 2007 560 2090 48,
582 2009 622 2072 16
646 2013 701 2090 qui
723 2014 845 2093 quaudo
869 2015 942 2078 tabis
963 2035 1003 2092 es,
1025 1983 1153 2079 maneas
1175 2015 1209 2078 in
1231 2015 1381 2079 sententia
1404 2019 1433 2078 et
1454 2035 1501 2078 re-

272 2123 370 2186 tineas
397 2140 489 2184 arrua
517 2128 544 2187 te
566 2123 670 2187 tortor
696 2140 760 2184 nou
781 2121 982 2202 prolatandis
1009 2121 1207 2186 seditionibus
1234 2122 1355 2202 inquies
1382 2142 1439 2184 nos
1466 2121 1502 2184 in

270 2228 475 2292 sollieitudine
497 2231 637 2294 attinens.

273 2391 485 2398 ——ss-

272 2475 347 2542 quod
365 2475 586 2544 postulandis
610 2474 677 2528 reis
702 2476 730 2528 et
753 2473 955 2527 accusandis
980 2473 1047 2528 reis
1071 2473 1170 2528 tertius
1196 2491 1276 2529 casus
1300 2475 1350 2528 est.
1382 2491 1449 2528 nam
1478 2475 1502 2529 si

271 2563 399 2616 tenemus
423 2564 549 2620 dativum
572 2563 729 2634 significare
753 2579 826 2629 rem,
850 2562 927 2615 cuius
950 2565 1080 2632 respectu
1099 2562 1205 2632 aliquid
1229 2566 1272 2618 est
1294 2565 1340 2620 vel
1361 2565 1406 2632 fit,
1428 2564 1502 2618 nihil

272 2651 327 2718 est,
356 2669 405 2705 our
427 2653 480 2706 hac
509 2652 545 2706 ab
573 2651 806 2721 interpretatione
833 2651 1039 2705 abhorreamus.
1078 2652 1145 2706 Otto
1165 2654 1195 2706 et
1212 2653 1336 2722 Draeger
1358 2653 1388 2708 in
1406 2653 1501 2710 medio

271 2739 429 2808 relinquere
452 2740 591 2810 videntur,
609 2743 703 2795 utrum
723 2741 835 2795 dativus
855 2757 890 2794 an
909 2740 1048 2795 ablativus
1067 2741 1105 2796 sit
1122 2741 1337 2811 intellegendus.

357 2848 381 2916 1)
411 2847 557 2902 Structura
585 2845 630 2900 cui
657 2845 736 2901 nulla
771 2864 834 2901 cum
863 2846 1093 2902 antecedentibus
1123 2847 1280 2901 communio
1309 2851 1353 2903 est
1386 2849 1502 2904 offertur

273 2935 338 2988 Tac.
357 2951 420 2993 ann.
440 2936 519 3002 XIII,
538 2941 572 2990 57
600 2938 701 3004 dunen
729 2937 865 3006 qiqneudo
892 2937 948 2990 sate
975 2935 1130 3003 fecundum.
1159 2937 1189 2989 et
1207 2935 1281 3004 XIV,
1306 2944 1339 2992 27
1363 2939 1501 3008 coniuqiis

271 3026 453 3092 suscipiendis
471 3031 556 3094 neque
574 3025 680 3078 alendis
699 3025 791 3078 liberis
809 3027 891 3090 sueti,
910 3023 959 3078 ubi
977 3022 1118 3078 ablativus
1137 3023 1285 3093 gerundivi
1300 3025 1441 3094 dependet
1460 3029 1497 3082 ab

272 3113 428 3182 adiectivis,
448 3129 519 3180 quae
539 3113 638 3182 suapte
656 3117 757 3166 natina
774 3113 849 3167 hunc
864 3129 957 3166 casum
972 3112 1139 3166 desiderant.
1164 3112 1247 3165 huius
1261 3131 1337 3182 usus,
1357 3115 1394 3168 ad
1413 3132 1498 3183 quem

271 3217 413 3273 perpauca
431 3201 559 3271 exempla
576 3201 726 3270 pertinent,
745 3203 857 3271 praeter
871 3201 1125 3270 Naegelsbachium
1144 3201 1205 3256 Lat.
1222 3201 1283 3257 Stil.
1303 3221 1329 3272 p.
1347 3209 1397 3256 100
1416 3221 1499 3258 nemo

272 3292 324 3359 est,
344 3291 391 3360 qui
410 3291 581 3345 mentionem
600 3289 693 3344 faciat.
728 3289 783 3344 duo
803 3290 931 3359 exempla
949 3289 985 3344 ab
1004 3289 1063 3344 viro
1082 3289 1132 3344 illo
1152 3291 1313 3346 doctissimo
1333 3292 1499 3347 afferuntur:

272 3381 333 3434 Liv.
352 3381 399 3448 IV,
420 3386 467 3448 14,
489 3386 519 3434 11
546 3384 686 3434 contentus
705 3380 879 3448 possidendis
901 3381 977 3448 apris
995 3381 1040 3446 (=
1059 3379 1207 3434 contentus
1224 3381 1401 3449 possessione
1420 3398 1500 3451 agro·

272 3473 353 3537 rum).
383 3469 438 3524 Cio.
459 3468 504 3523 off.
524 3468 550 3537 Ι,
572 3473 617 3536 15,
636 3474 653 3522 l
675 3469 784 3522 nubtura
801 3468 923 3539 officium
941 3467 1084 3535 referendo
1101 3470 1196 3538 qratia
1213 3471 1301 3539 ntaqis
1319 3471 1499 3524 necessarium

272 3565 317 3615 est.
351 3575 406 3627 quo
430 3559 505 3642 loco,
513 3556 609 3612 Cicero
636 3573 698 3611 eam
724 3558 814 3612 solam
840 3557 875 3611 ob
900 3572 1011 3610 oausam
1037 3557 1183 3626 gerundivi
1206 3558 1331 3614 ablativo
1355 3575 1499 3628 compara-

272 3646 357 3701 tionis
390 3647 491 3718 utitur,
525 3646 600 3714 quod
631 3646 725 3716 agitur
761 3646 795 3700 de
828 3648 908 3715 grato
941 3645 1034 3701 animo
1067 3645 1148 3700 factis
1182 3647 1408 3702 demonstrando.
1442 3665 1499 3702 non

273 3735 377 3790 sufficit
401 3735 488 3806 igitur
514 3734 620 3789 dicere:
649 3736 778 3789 nullum
804 3732 961 3789 officium
987 3738 1085 3804 grato
1112 3734 1221 3790 animo
1247 3735 1355 3806 magis
1381 3753 1497 3791 neces·

273 3825 397 3880 sarium
416 3825 476 3880 est.
