3340 5218
266 364 329 428 130
739 362 888 433 Appendix
907 361 1012 415 critica.

264 528 339 609 luit,
368 549 438 590 eam
466 526 623 609 probavit.
670 527 769 589 immo
795 529 927 610 propter
953 525 986 587 id
1014 524 1133 606 ipsum,
1161 523 1246 606 quod
1275 522 1372 606 paulo
1401 543 1493 604 supe-

264 635 330 697 rius
359 633 404 696 ad
434 633 619 696 Amisiam
651 633 797 695 flumen
825 632 946 695 dictum
974 634 1036 708 est,
1064 629 1178 694 Tacito
1206 651 1272 693 non
1305 650 1387 711 opus
1421 649 1491 692 esse

264 739 435 804 videbatur
463 739 614 804 inferiore
643 739 713 803 loco
742 737 783 802 ad
811 759 921 802 vocem
945 736 1114 800 Amisiae
1144 735 1269 800 adicere
1297 735 1491 798 attributum

262 848 406 910 flumen
440 829 641 930 perinde-ac
674 846 701 910 si
735 846 883 910 Amisia
916 844 1050 930 alicuius
1088 842 1214 908 castelli
1246 863 1364 906 nomen
1397 844 1491 924 esset,
1517 925 1521 932 ι

264 952 398 1018 Tacitus
421 954 483 1023 hoc
507 975 637 1016 monere
661 952 784 1036 debuit,
807 951 997 1036 praesertim
1022 973 1094 1014 cum
1117 973 1277 1034 nusquam
1300 949 1378 1013 alibi
1401 949 1491 1012 urbis

264 1062 435 1126 Amisiae
459 1060 579 1124 mentio
603 1060 670 1124 fiat.
706 1060 842 1124 verbum
866 1063 972 1123 autem
997 1059 1176 1122 subvexit
1198 1081 1264 1122 non
1284 1060 1334 1120 est
1352 1079 1408 1120 cur
1430 1078 1491 1140 pro

265 1171 459 1254 glossemate
488 1167 655 1250 habeatur,
683 1189 755 1230 cum
779 1165 1012 1230 sententiarum
1041 1165 1175 1229 conexui
1200 1187 1266 1229 non
1296 1163 1491 1245 adversetur,

264 1275 319 1339 sed
341 1275 434 1339 valde
457 1274 574 1337 faveat.
616 1275 643 1338 si
667 1275 752 1337 enim
776 1275 811 1337 in
834 1275 925 1337 textu
949 1273 1113 1356 retinetur,
1141 1295 1179 1336 ex
1203 1270 1307 1335 Taciti
1337 1271 1491 1355 opinione

264 1379 457 1446 Germanico
481 1380 513 1443 id
536 1379 726 1444 vertendum
757 1379 836 1444 vitio
867 1384 928 1462 est,
956 1379 1055 1462 quod,
1083 1382 1119 1442 ut
1143 1383 1268 1442 aestum
1292 1382 1491 1443 crescentem

264 1488 403 1572 fugeret,
426 1507 529 1572 neque
548 1487 582 1550 in
602 1487 800 1570 superiorem
819 1485 910 1550 fluvii
928 1488 1053 1569 partem
1074 1485 1248 1549 exercitum
1268 1485 1358 1548 duxit
1376 1506 1489 1570 neque,

264 1617 337 1658 cum
361 1595 400 1658 ad
423 1595 509 1658 hunc
532 1593 639 1670 locum
662 1593 857 1677 pervenerit,
882 1593 922 1656 ad
946 1592 1093 1656 dextram
1116 1592 1220 1675 ripam
1245 1593 1377 1675 appulit.

351 1711 427 1766 Tac.
451 1723 525 1764 ann.
548 1709 615 1776 111,
638 1710 681 1763 66
715 1698 852 1763 Obscura
878 1699 971 1762 icitia
1005 1699 1230 1780 impudentius
1258 1700 1344 1764 ausis
1365 1700 1491 1781 propol-

265 1808 371 1872 luebat.

318 1979 327 1996 ,
356 1901 499 1979 Verbum
532 1912 808 1997 propolluebat
844 1911 994 1975 omnibus
1027 1910 1191 1975 codicibus
1229 1911 1384 1976 traditum
1417 1935 1490 1978 cum

264 2021 410 2106 plerique
439 2021 577 2084 editores
611 2019 761 2083 dubitent
793 2040 871 2083 num
903 2018 979 2081 ferri
1012 2018 1130 2101 possit,
1162 2019 1357 2083 mutationes
1381 2021 1487 2083 varias

264 2132 457 2212 proponunt.
504 2128 619 2211 quodsi
649 2127 826 2210 quaeritur,
859 2129 968 2190 utrum
1004 2124 1163 2189 librorum
1196 2127 1489 2210 manuscriptorum

264 2235 359 2300 lectio
379 2235 511 2299 retineri
530 2256 629 2299 necne
647 2235 761 2319 possit,
784 2256 843 2298 nos
862 2231 963 2316 priori
982 2231 1101 2294 rationi
1120 2233 1193 2314 plus
1213 2233 1416 2296 auctoritatis
1436 2233 1492 2296 tri-

264 2342 401 2425 buimus,
421 2364 502 2426 quae
522 2341 684 2406 sententia
703 2341 731 2404 si
750 2338 960 2423 comprobata
979 2337 1048 2416 erit,
1068 2359 1180 2401 omnes
1199 2338 1395 2401 mutationes
1416 2360 1490 2402 exa-

264 2450 388 2512 minare
411 2470 477 2512 non
501 2449 562 2512 erit
584 2447 810 2512 necessarium.
848 2450 923 2509 ante
947 2445 1055 2509 omnia
1080 2446 1198 2510 mirum
1221 2448 1283 2526 est,
1308 2446 1393 2528 quod
1418 2467 1490 2528 per-

264 2555 357 2618 multi
381 2554 519 2619 editores
543 2555 677 2618 verbum
705 2553 791 2618 istud
814 2554 935 2618 reicere
963 2553 1089 2636 volunt,
1119 2573 1314 2637 quamquam
1342 2574 1382 2616 ne
1405 2575 1491 2618 unus

227 2645 233 2658 ⁸
265 2661 392 2744 quidem
412 2683 544 2725 causam
563 2661 706 2743 protulit
740 2660 794 2724 sed
813 2682 920 2725 nonne
939 2660 1052 2724 eodem
1070 2659 1138 2722 iure
1157 2662 1269 2723 nostro
1288 2661 1362 2725 loco
1380 2660 1491 2725 scribi·

265 2791 336 2834 mus
369 2769 645 2853 propolluebat
681 2790 778 2851 quam
811 2791 884 2832 aun.
916 2765 977 2850 Vl,
1005 2766 1048 2831 25
1082 2761 1137 2830 dcc.
1175 2768 1235 2848 εἰρ.
1271 2769 1492 2851 provivere,

264 2876 396 2939 weiter
419 2877 546 2958 leben,
569 2873 667 2940 noch
690 2874 769 2938 fort
792 2875 914 2938 leben.
950 2893 1058 2937 nonne
1082 2872 1215 2936 verbum
1239 2874 1491 2955 propolluere

265 2985 487 3064 comparatum
503 3003 575 3045 cum
590 2981 795 3064 proviver'e
810 2979 881 3064 (Vl,
896 2979 963 3065 25),
977 2979 1190 3063 producere
1205 2975 1278 3062 (III,
1289 2980 1342 3062 24,
1355 2977 1413 3063 VI,
1423 2978 1491 3065 48),

264 3089 460 3171 prolatare
492 3086 579 3170 (ann.
608 3086 669 3170 XI,
697 3084 760 3171 37)
794 3087 917 3151 clarum
950 3089 999 3149 est
1032 3086 1117 3149 idem
1150 3087 1258 3150 valere
1304 3107 1342 3149 ac
1374 3108 1490 3170 porro

264 3194 439 3276 polluere
463 3197 520 3258 aut
542 3194 717 3276 polluere
740 3193 908 3258 nondum
932 3191 1109 3254 desinere
1128 3188 1491 3278 (προσκαταισχύνειν).

265 3301 363 3382 quid?
391 3299 484 3364 aliter
507 3323 585 3366 sane
608 3320 659 3362 res
684 3320 753 3362 sese
777 3299 924 3381 haberet,
953 3299 980 3361 si
1008 3297 1104 3362 lectio
1128 3298 1275 3364 codicum
1298 3297 1492 3363 difficillima

266 3407 427 3490 explicatu
451 3411 536 3471 esset
554 3430 591 3471 ao
611 3406 770 3470 similibus
790 3405 944 3489 exemplis
965 3408 1088 3469 careret
1107 3405 1157 3468 vel
1177 3405 1297 3490 siquis
1317 3406 1491 3470 lectionem

265 3518 452 3599 corruptam
479 3535 537 3598 per
559 3509 613 3577 ἅπ.
637 3515 742 3597 εἰρημ.
770 3513 940 3576 emendare
972 3512 1077 3576 vellet.
1122 3512 1179 3575 sed
1206 3533 1318 3577 vocem
1346 3512 1491 3596 aliquam

266 3624 398 3684 etextu
422 3621 524 3684 eicere
548 3620 634 3705 ideo,
665 3621 751 3704 quod
774 3642 933 3703 nusquam
957 3619 1035 3683 alibi
1058 3619 1237 3697 invenitur,
1265 3620 1411 3684 excusari
1438 3642 1492 3684 ne·

264 3726 349 3810 quit,
371 3727 563 3810 praesertim
586 3749 659 3791 cum
683 3749 797 3791 sensus
822 3727 996 3790 admodum
1018 3725 1123 3788 bonus
1146 3726 1350 3808 praebeatur.

352 3831 531 3916 Postquam
553 3833 639 3898 huno
662 3834 769 3898 locum
792 3835 858 3898 iam
881 3832 1107 3914 tractavimus,
1129 3832 1214 3897 forte
1233 3833 1372 3898 occurrit
1395 3835 1492 3898 nobis

263 3939 298 4002 in
320 3937 530 4004 Fleckeisenii
559 3941 665 4004 annal.
690 3938 764 4004 CXI
794 3959 869 4025 pag.
892 3939 957 4004 879
987 3938 1288 4004 commentariolum
1311 3939 1493 4024 Woerneri,

264 4045 353 4109 cuius
378 4047 605 4124 mutationem,
630 4045 658 4109 si
681 4045 811 4110 omnino
836 4067 855 4109 a
878 4045 1107 4128 manuscriptis
1130 4044 1277 4108 recedere
1296 4067 1377 4128 opus
1398 4049 1492 4128 esset,

264 4153 394 4235 ceteris,
418 4173 498 4236 quae
522 4151 608 4216 facta
632 4156 720 4235 sunt,
743 4150 988 4236 praeferendum
1007 4173 1076 4214 esse
1102 4154 1298 4236 putaremus.
1335 4153 1492 4235 proponit

264 4259 350 4322 enim
377 4258 548 4342 legendum
576 4280 693 4342 prope
722 4259 927 4323 occulebat
956 4254 1002 4342 (cr
1028 4257 1130 4322 sucbtc
1157 4256 1254 4322 duret
1276 4257 1491 4322 aavascbdmt

261 4364 377 4444 fractas
403 4364 556 4444 uuftreten
588 4366 670 4428 scine
697 4365 831 4430 dumblan
863 4364 999 4446 anfitupc
1029 4384 1084 4428 cor
1114 4365 1167 4428 der
1194 4363 1412 4443 dffentb'cblceit
1441 4385 1491 4446 pc-

263 4472 491 4536 wissermusseu
513 4491 552 4536 aa
574 4468 754 4558 verbdlleu).

352 4575 524 4661 Rationes,
552 4577 668 4661 quibus
696 4576 855 4642 Woemer
889 4577 928 4640 ad
961 4576 1177 4642 mutationem
1209 4599 1300 4642 suam
1335 4577 1492 4642 adductus

263 4688 327 4767 est,
353 4706 417 4747 non
442 4683 589 4749 difficiles
618 4688 694 4747 sunt
722 4683 762 4748 ad
790 4682 1011 4748 refellendum.
1053 4683 1217 4750 contendit
1245 4684 1330 4748 enim
1359 4683 1410 4748 vir
1436 4683 1491 4748 ille
