3330 5228
418 296 459 350 De
478 294 690 366 participiorum
708 314 759 350 usu
779 295 953 352 attributivo.
1000 285 1010 296 ³
1256 295 1297 358 61

87 463 203 528 Vitellio
229 461 365 541 infensos
391 459 605 540 reciperandae
632 460 762 524 militiae
784 460 925 542 praemia
952 460 1127 524 incitarent.
1169 458 1234 541 111,
1256 459 1297 522 57

87 570 221 633 Vitellius
253 565 421 633 Olandinm
447 565 735 632 lulianam...
761 567 987 649 permnleendns
1018 568 1154 632 militnm
1185 566 1301 630 animis

87 677 191 757 vlelepil.
241 673 281 756 V,
307 674 347 738 13
375 677 483 737 anneta
513 675 727 756 enprmnandis
753 673 879 740 mbilrns
905 678 1033 756 reperta.
1086 673 1150 756 III,
1174 671 1195 736 5
1222 692 1300 736 eom-

87 781 307 861 commertium
329 779 508 844 alliciendis.
549 778 612 863 III,
635 781 678 845 82
706 781 899 845 destinantur
920 780 1041 844 calidae
1063 780 1198 844 eiailales
1221 799 1302 844 eaer-

87 890 179 954 eendis
201 907 360 953 armornm
383 887 525 968 officinis.
561 885 600 970 V,
626 888 642 950 1
661 888 891 969 perdomandae
912 886 1049 952 Iudaeae
1070 880 1206 952 mactas.

214 1065 245 1130 t.
280 1064 423 1129 tertium
446 1080 547 1147 genus
569 1061 604 1128 id
626 1064 685 1141 est,
709 1064 766 1129 ubi
787 1081 845 1148 per
868 1081 901 1129 se
923 1079 1056 1148 prorsus
1078 1063 1169 1130 nulla
1232 1109 1239 1116 -

87 1210 166 1274 ratio
190 1211 314 1272 exstare
332 1207 459 1272 videtur
482 1206 729 1272 interxdativum
749 1210 782 1271 et
800 1208 1013 1292 gerundivum
1033 1208 1080 1272 ita
1102 1210 1151 1288 ut,
1175 1207 1302 1272 etiamsi

87 1316 207 1380 dativus
231 1313 368 1398 deesset,
390 1318 500 1378 tamen
523 1313 604 1378 nihi]
628 1314 871 1380 desideraretur.
914 1319 1011 1400 atque
1034 1316 1114 1380 hoec
1137 1315 1303 1379 liberrima

87 1421 215 1506 species,
238 1421 293 1484 ubi
316 1421 444 1486 dativus
467 1420 636 1506 gerundivi
659 1421 788 1486 finalem
811 1422 877 1486 vim
899 1422 1010 1506 habet,
1041 1421 1202 1506 quomodo
1225 1443 1303 1504 pau-

87 1530 173 1594 latim
201 1549 240 1593 ex
265 1527 514 1612 simplicioribus
549 1528 719 1592 structuris
757 1532 829 1594 orta
861 1529 906 1594 sit
933 1527 1194 1593 antecedentibus
1223 1525 1302 1590 satis

87 1637 337 1700 demonstratum
356 1637 414 1699 est.
451 1637 593 1699 ceterum
613 1656 652 1699 ex
674 1635 746 1718 ipsa
764 1635 797 1700 vi
820 1638 853 1700 et
874 1638 991 1700 natura
1010 1656 1103 1700 casus
1127 1633 1228 1700 dativi
1251 1633 1304 1698 hio

87 1765 158 1806 usus
189 1764 254 1807 non
281 1741 387 1805 minus
415 1741 623 1826 intellegitur.
664 1744 793 1807 constat
825 1743 910 1806 enim
942 1742 1087 1806 dativum
1115 1741 1304 1826 significare,

87 1871 144 1932 quo
176 1850 299 1931 spectet
327 1847 467 1912 efficiens
490 1850 527 1912 ut
553 1847 601 1912 ita
627 1848 772 1915 dicamus
800 1849 863 1932 vis,
896 1871 978 1933 quae
1006 1849 1103 1914 alicui
1134 1849 1180 1913 rei
1212 1848 1305 1912 inest.

87 1976 188 2038 neque
210 1954 317 2018 minus
341 1954 462 2018 clarum
481 1957 530 2018 est
553 1955 715 2040 quomodo
735 1969 773 2020 ex
796 1955 857 2020 hac
880 1955 1045 2038 primitiva
1069 1955 1305 2042 significatione

87 2084 121 2125 ea
144 2083 178 2125 se
198 2062 379 2145 expromat,
402 2082 484 2145 quae
503 2060 639 2144 indicat,
660 2064 768 2126 utrum
788 2061 909 2146 aliquid
929 2062 1097 2126 commodo
1122 2084 1164 2126 an
1187 2061 1307 2125 incom-

87 2169 178 2233 modo
210 2167 343 2231 alicuius
371 2167 418 2230 rei
446 2168 502 2230 aut
529 2187 688 2248 personae
717 2165 839 2231 factum
864 2165 920 2250 sit,
952 2189 972 2230 a
999 2188 1062 2250 qua
1090 2188 1167 2230 usus
1196 2165 1306 2247 dativi,

87 2276 137 2358 qui
159 2273 248 2338 finali
267 2273 394 2338 notioni
416 2272 563 2356 inservit,
586 2293 653 2338 non
676 2273 813 2338 multum
832 2273 961 2338 recedit.
1000 2272 1105 2336 Taciti
1124 2249 1231 2336 autem
1251 2271 1306 2355 qui

87 2383 166 2446 huuc
186 2379 309 2446 dicendi
331 2401 426 2444 usum
449 2382 482 2444 et
504 2378 630 2444 invenit
653 2382 686 2443 et
708 2379 808 2444 nimio
830 2379 936 2446 studio
956 2381 1122 2463 amplexus
1141 2382 1204 2463 est,
1226 2379 1306 2442 haec

87 2487 229 2570 exempla
251 2486 408 2551 habemus
433 2486 571 2570 quaein
595 2486 735 2550 medium
759 2486 974 2570 proferamus:
1224 2495 1227 2501 '

172 2616 244 2658 ann.
263 2593 292 2676 Ι,
310 2593 353 2657 26
378 2613 433 2658 cnr
454 2593 582 2658 venissel
602 2613 697 2674 nenne
715 2595 862 2676 amman
882 2595 1017 2659 militnm
1034 2595 1196 2676 stipendiis
1213 2613 1308 2674 neone

87 2701 252 2764 allevandis
280 2700 441 2765 laboribnes.
486 2699 516 2784 Ι,
540 2701 583 2765 60
613 2698 778 2766 Caecinam
809 2721 877 2764 enm
903 2701 1112 2783 mradrapinla
1139 2701 1308 2766 colorlnbns

87 2807 236 2871 Romanis
254 2806 448 2871 distrahendo
466 2805 546 2870 losli
565 2856 571 2870 .
590 2857 598 2871 .
617 2855 624 2870 .
644 2857 652 2872 .
671 2808 773 2870 mittit.
813 2805 859 2890 ΙΙ,
881 2806 897 2869 1
916 2811 1041 2888 partem
1052 2808 1155 2890 prolis
1177 2807 1306 2889 firman-

87 2915 139 2976 lae
162 2914 317 2978 amicitiae
338 2913 473 2977 miserat.
515 2911 560 2997 II,
584 2914 625 2977 21
649 2914 716 2978 iam
737 2933 803 2978 sero
826 2914 888 2977 diei
909 2913 1049 2978 snbdncil
1071 2933 1108 2978 en
1131 2914 1195 2978 acie
1218 2913 1306 2994 lepin-

87 3040 152 3082 nem
173 3007 324 3099 faciendis
346 3020 465 3084 castris.
501 3018 547 3102 ΙΙ,
566 3019 607 3084 37
631 3039 685 3084 nee
707 3021 750 3084 ad
770 3020 922 3084 invidiam
944 3020 1005 3084 ista
1027 3021 1080 3084 sed
1100 3019 1309 3086 conciliandae

87 3126 310 3190 misericordiae
336 3125 441 3206 refero.
500 3124 546 3209 II,
569 3124 612 3190 65
646 3125 849 3207 Rlesnmoris
875 3127 1038 3192 saneimdo
1064 3127 1179 3208 foederi
1210 3126 1309 3191 eonci-

87 3233 165 3295 cinm
193 3233 295 3296 adicit.
339 3232 385 3316 11,
409 3231 452 3297 85
482 3232 601 3317 factam
621 3237 753 3314 palrnm
781 3233 950 3297 cmisnltnm
982 3238 1018 3297 nl
1047 3239 1192 3315 qrrallnor
1218 3233 1309 3296 anilia

87 3339 220 3402 libertini
239 3339 358 3422 peneris
381 3388 468 3404 ....
495 3340 530 3404 in
552 3340 690 3404 insalam
712 3338 898 3405 Sardiniam
919 3339 1096 3406 celerenlnr
1120 3389 1206 3404 ....
1229 3359 1308 3402 coer-

87 3445 187 3508 cendis
204 3445 269 3508 illie
288 3445 467 3508 latrociniis.
499 3444 557 3528 111,
574 3446 613 3508 19
632 3445 759 3510 Drnsns
776 3446 850 3510 nrbe
867 3465 1002 3528 epressns
1020 3447 1186 3528 repetendis
1204 3447 1309 3526 anepi-

87 3553 147 3615 ciis.
198 3550 324 3630 111,31
361 3551 501 3615 Tiberine
527 3553 618 3634 qnasi
644 3553 818 3634 firmandae
843 3553 1013 3618 ealelndini
1040 3554 1075 3618 in
1104 3552 1311 3638 Campaniam

87 3658 235 3723 concessit.
275 3655 337 3736 HI,
361 3657 403 3721 39
435 3658 489 3738 qni
510 3657 727 3746 praedabundi
758 3663 814 3723 anl
842 3661 1035 3725 assumendis
1061 3661 1191 3726 anniliis
1217 3681 1309 3742 napa·

87 3764 208 3828 bantnr.
249 3762 306 3848 IV,
331 3766 348 3827 1
377 3764 534 3848 indnslria
561 3769 590 3827 el
610 3765 775 3846 eipilanlia
802 3764 888 3831 nond
913 3767 1018 3832 minas
1040 3768 1152 3832 neniae
1174 3768 1311 3849 qaroliens
1392 3770 1397 3780 “

87 3871 227 3950 parando
254 3891 345 3952 repno
372 3872 541 3954 Jtnpnnlnr.
577 3868 633 3949 IV,
658 3872 700 3934 73
726 3873 875 3954 memma
907 3873 1066 3937 aesinaria
1098 3873 1257 3956 apperibns
1283 3879 1313 3938 et

87 3977 227 4058 pronllbns
250 3978 433 4042 lradncende
448 3977 588 4059 proniori
606 3977 726 4060 apmini
747 3979 885 4060 firmani.
921 3977 984 4064 VI,
1001 3979 1044 4043 43
1067 3981 1237 4044 reddendae
1259 3982 1310 4045 do·

87 4084 255 4148 minutioni
276 4085 399 4150 venisse.
435 4083 496 4167 XI,
518 4086 535 4147 1
559 4083 710 4149 Snillinm
728 4087 909 4151 mamandis
930 4087 1068 4168 animeque
1090 4087 1236 4152 immittit.
1268 4086 1312 4152 ib.

87 4191 283 4270 mmrineende
310 4190 384 4254 bello
412 4187 592 4272 Crispinnm
615 4241 621 4256 .
646 4241 654 4257 .
677 4242 685 4256 .
708 4241 715 4258 .
738 4193 831 4258 misit.
872 4191 932 4277 XI,
956 4194 976 4258 2
1004 4193 1113 4276 aridas
1140 4190 1311 4278 (lacrimis)

87 4296 240 4360 allnendis
266 4295 401 4362 caliculo
428 4298 581 4380 eprediens
603 4303 710 4364 monet.
747 4298 875 4382 X1‚32
903 4299 1079 4390 Messalina
1108 4300 1311 4364 Ineenllianos

87 4403 120 4466 in
153 4402 256 4466 borlas
283 4401 383 4470 Silins
413 4404 638 4470 dissimulando
669 4409 750 4470 mein
782 4405 826 4469 ad
855 4407 966 4470 mania
995 4406 1059 4487 fori
1090 4407 1313 4489 dipredinnlnr.

87 4508 168 4594 XII,
192 4509 236 4574 32
267 4511 386 4578 colonia
409 4562 416 4577 .
436 4562 443 4576 .
461 4557 497 4578 ..
523 4511 680 4576 dedneilnr
711 4512 746 4574 in
781 4528 872 4594 apros
902 4513 1035 4594 captivos
1061 4512 1311 4578 sebsidium-ad-

87 4637 192 4680 versas
217 4616 339 4683 rebelles
364 4623 394 4683 el
418 4619 589 4684 imbnendis
619 4620 709 4684 sociis
740 4618 784 4682 ad
809 4619 914 4700 africia
942 4620 1049 4702 npnm.
1089 4619 1171 4704 XII,
1193 4620 1235 4684 41
1265 4607 1333 4684 αο-’
