3300 5224
519 317 560 371 De
579 318 791 388 participiorum
809 321 909 374 notura
927 319 1041 374 verbali.
1325 323 1391 386 115

163 480 243 545 coia.
289 477 396 544 Germ.
420 480 464 544 33
486 481 590 562 pulsis
612 480 773 545 Bructeris
795 503 833 546 ae
853 483 980 564 penitus
1001 483 1118 546 eurisis.
1164 482 1393 548 diatonum

155 606 302 668 prospere
324 587 496 667 [tuentibus.

321 755 365 811 Π.
393 757 447 812 Ex
469 755 614 816 Velleio:

251 868 296 953 ΙΙ,
317 872 334 934 7
359 871 482 952 optimis
500 871 632 952 inpeniis
654 871 734 936 mule
755 872 806 935 nsi
825 873 905 935 vitoe
926 874 1091 954 mortisque
1109 873 1239 937 habuere
1260 875 1387 938 ercitum.

156 975 207 1059 ΙΙ,
226 977 268 1042 88
291 978 372 1042 mete
393 977 599 1042 consultorum
616 997 735 1059 poenos
757 979 890 1043 exsoluit.
927 977 972 1062 ΙΙ,
994 979 1057 1043 105
1081 980 1155 1044 iiber
1177 981 1268 1043 aliter
1291 981 1386 1044 toute-

154 1104 217 1165 qne
239 1104 272 1147 eo
299 1084 477 1148 abutentem.
525 1083 570 1166 ΙΙ,
597 1084 658 1146 109
686 1104 724 1147 en
747 1084 827 1148 mate
849 1083 1080 1170 dissimuluto.¹)
1122 1083 1172 1168 ΙΙ,
1197 1086 1238 1148 70
1268 1087 1390 1150 tordius

155 1211 192 1254 eo
215 1191 387 1254 nnntmnte.
425 1189 472 1272 ΙΙ,
498 1191 559 1254 103
582 1190 768 1255 uehementer
789 1197 977 1275 repupnunte
1000 1193 1130 1257 Nerone.

320 1358 381 1415 m.
409 1359 462 1414 lix
485 1359 661 1415 Sallustio:

250 1474 319 1538 (tet.
338 1473 373 1554 5,
392 1474 412 1536 9
430 1464 590 1556 pnnmtim
607 1477 780 1539 immutate.
818 1475 887 1560 lug.
907 1476 963 1560 04,
982 1474 1004 1538 4
1026 1477 1149 1557 samius
1166 1479 1269 1541 eodem
1282 1483 1389 1559 postu-

156 1581 249 1645 lanti.
291 1580 346 1663 71,
370 1581 391 1644 4
415 1585 522 1644 temere
539 1583 683 1662 positum.
735 1582 809 1664 101,
833 1582 855 1644 4
877 1583 997 1646 eminus
1020 1583 1146 1646 emissis.
1191 1583 1246 1666 71,
1269 1582 1290 1645 4
1313 1604 1388 1664 pro-

152 1707 229 1770 pere
251 1687 380 1769 munitis
401 1688 535 1752 insidiis.
573 1685 643 1752 eat.
667 1687 723 1770 45,
748 1688 768 1750 3
792 1689 850 1752 cito
873 1690 989 1771 eopnito
1012 1689 1146 1752 oonsilio.
1187 1688 1262 1752 hist.
1283 1687 1312 1772 l,
1335 1691 1388 1775 41,

156 1794 202 1857 27
228 1793 298 1859 tene
320 1795 497 1859 incontrius
519 1795 589 1859 diis.
628 1793 632 1802 '

758 1971 795 2039 0.

319 2085 346 2141 Ι.
374 2087 428 2140 Ex
450 2039 580 2142 l'eeito:

250 2199 334 2265 Ann.
357 2200 387 2285 l,
406 2202 447 2265 37
466 2202 601 2282 pecunie
623 2207 652 2265 et
673 2203 779 2266 missio
802 2221 991 2283 quemquem
1014 2222 1078 2266 non
1100 2202 1315 2285 (innitentibus
1338 2203 1386 2266 ob-

155 2308 227 2370 lato
257 2312 307 2371 est.
352 2306 382 2391 Ι,
404 2308 448 2371 43
478 2327 573 2388 neque
601 2310 683 2372 enim
714 2310 748 2372 di
778 2310 898 2386 sinent,
931 2312 967 2372 ut
997 2308 1169 2390 Betporum
1197 2329 1387 2392 quiunquam

156 2413 354 2493 offerentium
383 2415 471 2479 decus
493 2415 579 2478 istud
604 2420 632 2478 et
654 2415 805 2480 claritudo
832 2416 881 2479 sit.
927 2412 957 2497 Ι,
985 2415 1027 2478 47
1054 2415 1119 2478 iam
1142 2416 1264 2498 iamque
1285 2417 1388 2479 iturus

156 2521 232 2603 tepit
253 2522 380 2585 consitos.
422 2521 451 2604 Ι,
474 2520 518 2584 55
548 2518 680 2602 Seyestes
702 2541 889 2603 quemquem
911 2540 1058 2585 consensu
1082 2523 1182 2603 pontis
1209 2523 1245 2585 in
1274 2522 1385 2587 beilum

156 2631 275 2690 tractus
297 2628 412 2691 inens
439 2627 589 2692 monebat.
630 2626 660 2711 Ι,
685 2627 726 2691 70
753 2629 876 2693 edendis
899 2627 1124 2709 piudintoribns
1148 2677 1154 2691 .
1174 2677 1181 2692 .
1201 2677 1208 2692 .
1228 2678 1235 2693 .
1258 2627 1385 2693 Drusus

153 2735 310 2816 moesedit
331 2755 519 2815 quamquam
541 2735 596 2798 oili
619 2735 769 2816 sanquine
790 2736 887 2799 nimis
905 2735 1051 2817 pandens.
1088 2733 1168 2812 Π,3
1190 2755 1229 2799 ne
1253 2735 1386 2817 Tr'proni

157 2842 342 2905 diutumnm
364 2841 528 2921 imperium
550 2840 614 2920 fnit
635 2860 730 2922 neque
749 2841 851 2905 tiberis
869 2842 935 2904 eins
952 2860 1141 2922 qnomqrrom
1159 2841 1287 2903 societas
1304 2860 1387 2903 more

155 2951 280 3011 esterno
302 2948 338 3010 in
358 2946 593 3011 matrimonium
610 2966 802 3030 repnumqne.
845 2947 892 3032 ΙΙ,
912 2946 955 3010 25
978 2948 1032 3028 qni
1055 2946 1205 3010 ...oetrrt
1223 2947 1307 3010 uncti
1328 2968 1385 3010 nu·

156 3073 242 3116 mero
263 3053 454 3134 irrupissent.
491 3053 539 3136 ΙΙ,
562 3053 605 3117 38
632 3051 706 3118 hoec
731 3058 821 3134 utque
849 3054 927 3117 tutio
949 3071 1135 3134 quemquem
1159 3072 1227 3115 enm
1256 3073 1384 3118 assensn

157 3160 267 3223 andito
289 3160 328 3223 ab
350 3160 392 3224 iis
413 3160 650 3241 proibemonmin
674 3209 680 3224 .
700 3211 706 3224 .
726 3209 759 3224 ..
784 3161 914 3225 nouare
935 3179 1001 3224 mos
1023 3163 1066 3222 est
1088 3177 1233 3240 recepere.
1270 3158 1317 3237 Il,
1342 3160 1383 3223 67

156 3267 298 3347 quanm
315 3266 493 3348 ombr'qunm
511 3269 540 3329 et
556 3266 669 3330 seelera
686 3287 745 3331 sno
762 3272 954 3348 reputantem
967 3265 1113 3348 perpulit.
1149 3264 1190 3348 II,
1206 3265 1248 3330 75
1271 3265 1385 3348 Aprip

153 3374 234 3455 pino
256 3391 444 3454 quemquem
466 3372 584 3452 defesso
614 3373 697 3438 tuctu
720 3380 748 3438 et
774 3395 897 3456 empore
919 3393 1010 3455 oepro
1033 3422 1040 3437 .
1060 3422 1067 3436 .
1086 3422 1120 3437 ..
1144 3374 1281 3437 osenuiit
1306 3373 1382 3436 cias·

157 3499 228 3544 sem.
283 3478 395 3563 11,se
422 3480 563 3561 quamuis
593 3479 695 3543 ieviter
721 3480 838 3544 medita.
878 3479 931 3543 ib.
963 3479 1054 3560 quusi
1084 3495 1212 3542 rursum
1239 3483 1383 3560 ereptum.

156 3586 202 3666 II,
225 3586 267 3650 86
292 3585 406 3650 Caesar
427 3586 568 3667 quemuis
586 3585 795 3668 posttmtitum
818 3636 825 3651 .
845 3635 852 3649 .
871 3634 905 3650 ..
928 3585 1045 3649 solutus
1067 3591 1117 3650 est.
1159 3584 1221 3669 III,
1244 3585 1286 3649 59
1311 3586 1384 3648 reei-

156 3697 239 3757 eane
261 3697 291 3756 et
311 3691 414 3757 Drusi
441 3691 582 3774 episteme
603 3711 793 3774 quinionem
815 3693 858 3756 eui
878 3692 1058 3756 modestiam
1079 3692 1178 3773 [tenue
1193 3711 1255 3772 pro
1277 3711 1382 3773 snper·

228 3941 254 4009 1)
277 3937 387 4006 11‚1oe
415 3935 548 4006 legimus:
576 3938 701 4008 pentibus
723 3938 929 4007 hominibusque
952 3954 969 3991 o
991 3937 1069 3992 nobis
1094 3938 1302 3993 desciscentibus
1325 3943 1384 3992 erut

154 4029 232 4098 optut
250 4045 310 4082 eum
324 4027 484 4097 persnpinm
503 4031 639 4096 totumque
657 4043 690 4081 eu
707 4027 778 4081 mute
791 4027 964 4082 dissimulato
982 4027 1079 4096 oprtet
1097 4028 1240 4081 aemulum.

225 4115 327 4188 Agitur
345 4114 381 4170 de
399 4114 521 4170 lectione
540 4117 731 4183 totumque,
755 4129 827 4184 quoe
845 4114 912 4168 ferri
930 4113 1036 4182 nequit.
1073 4114 1130 4168 iam
1149 4114 1292 4169 Acidalius
1310 4113 1382 4168 bene

152 4206 284 4261 medetur
297 4205 374 4273 loco,
393 4221 456 4258 eum
470 4203 706 4274 praepositionem
724 4203 758 4258 in
777 4202 921 4272 suppleat,
941 4219 1025 4270 quem
1039 4207 1155 4274 propter
1169 4202 1381 4257 antecedentem

152 4294 267 4349 literam
285 4310 314 4345 m
333 4291 417 4347 facile
441 4308 606 4348 evanescere
624 4290 750 4361 potuisse
774 4291 843 4345 setis
863 4291 969 4345 olerum
988 4293 1039 4346 est.
1075 4307 1166 4358 neque
1186 4291 1292 4361 obstat,
1312 4307 1380 4358 quo-

152 4382 245 4436 minus
263 4381 333 4434 hece
353 4381 515 4435 coniectore
532 4380 678 4451 probetur,
699 4379 773 4448 quod
791 4377 901 4434 Velleio
924 4395 976 4448 pro
989 4378 1112 4434 lectione
1135 4378 1169 4432 in
1186 4380 1297 4434 totum
1320 4395 1381 4448 per-

152 4474 240 4540 petuo
263 4469 353 4539 magis
375 4470 485 4539 placuit
511 4485 570 4539 per
592 4469 709 4524 omniu.
750 4486 806 4522 non
833 4467 1020 4538 intellegitur,
1049 4484 1097 4520 cur·
1120 4466 1242 4537 scriptor
1264 4484 1380 4536 parvam

153 4559 321 4614 varietatem
338 4575 395 4614 non
409 4558 561 4613 admiserit.
595 4556 702 4612 Heineii
721 4557 884 4611 coniectura
900 4559 1064 4623 totusque
1084 4558 1198 4626 propter
1216 4555 1377 4625 palaeogra-

152 4648 252 4718 phicae
270 4648 395 4702 rationes
413 4647 556 4702 reicienda
574 4648 625 4703 est.

1132 4731 1169 4785 8*
