3340 5218
246 306 309 370 132
719 301 868 371 Appendix
887 301 991 354 critica.

245 471 334 534 modo
358 472 390 532 et
412 467 577 532 institutio
601 465 741 530 civitatis
766 469 854 529 certa
877 465 1016 548 quadam
1037 465 1143 545 formu
1164 464 1277 530 utitur.
1319 464 1471 547 quoniam

247 581 354 655 autem
383 576 421 659 ii,
449 575 505 658 qui
532 573 702 638 lectionem
726 571 969 657 Madvigianam
999 572 1129 656 eiusque
1159 571 1297 660 similem
1328 571 1472 654 aliquam

247 684 499 768 amplectuntur,
527 679 625 745 verba
649 679 887 763 disciplinae
915 680 1080 744 formam
1108 700 1207 743 sensu
1235 679 1473 761 disciplinae

248 790 447 872 militaris,
469 809 537 852 non
559 785 829 851 institutionis
858 786 1034 850 civitatis
1063 786 1244 850 necessario
1268 785 1473 870 intellegunt,

248 897 404 982 Madvigii
436 895 649 959 mutationem
687 893 784 956 ctiam
820 893 904 957 hanc
939 897 1072 977 propter
1107 914 1236 957 causam
1274 893 1343 957 sine
1376 891 1474 956 dubio

249 1005 365 1070 falsam
384 1024 454 1068 esse
474 1022 649 1064 censemus.
698 1003 774 1063 sunt
794 999 905 1083 etiam,
925 1001 979 1083 qui
998 1001 1173 1084 genuinam
1192 1000 1366 1064 lectionem
1383 999 1475 1063 resti·

248 1113 350 1176 tuisse
383 1110 445 1174 sibi
472 1108 662 1191 rideantur,
697 1129 769 1171 cum
808 1106 950 1171 scribant
982 1129 1123 1190 corpus
1156 1129 1264 1172 suum
1296 1105 1476 1172 custodia

250 1219 423 1284 munivit.
459 1215 661 1299 imperium
689 1213 890 1296 perpetuis
914 1236 967 1298 qu.
991 1237 1015 1278 s.
1044 1214 1100 1278 sed
1128 1215 1166 1278 de
1193 1214 1354 1298 custodia,
1378 1235 1477 1298 quam

249 1324 467 1391 Maroboduus
496 1321 557 1386 sibi
581 1321 804 1404 circumdedit,
828 1321 972 1405 cogitare
1001 1321 1041 1385 ab
1068 1321 1220 1385 universa
1243 1321 1352 1385 indole
1379 1321 1477 1384 huius

251 1433 315 1498 loci
340 1430 572 1496 alienissimum
597 1431 654 1492 est.
696 1451 774 1492 nam
797 1429 836 1492 de
860 1429 1244 1514 corporeomnibusque,
1275 1451 1357 1512 quae
1381 1428 1478 1493 adid

251 1539 428 1624 pertinent,
457 1537 492 1600 in
515 1535 716 1600 antecedenti
741 1535 845 1620 capite
869 1535 949 1599 satis
970 1533 1092 1598 dictum
1116 1539 1173 1599 est.
1211 1559 1307 1620 quam
1331 1537 1477 1620 ineptum

251 1647 352 1731 igitur
371 1648 403 1708 et
422 1643 611 1725 absurdum,
636 1642 664 1705 si
682 1639 843 1724 Velleius,
866 1645 1039 1726 postquam
1058 1643 1156 1706 verba
1177 1644 1380 1728 occupatis
1404 1643 1478 1728 igi-

251 1759 314 1818 tur
343 1773 436 1837 quos
579 1749 674 1812 iuris
704 1749 761 1812 sui
789 1749 884 1814 fecit
910 1750 1060 1833 inseruit,
1089 1751 1127 1814 de
1156 1753 1301 1834 corporis
1331 1749 1478 1815 custodia

252 1860 351 1924 verba
373 1858 478 1922 facere
502 1856 607 1920 vellet.
635 1893 671 1901 -
703 1856 857 1920 Venimus
883 1856 923 1920 ad
946 1855 1122 1941 Kritzium,
1146 1857 1235 1922 ouius
1259 1857 1298 1921 de
1320 1857 1383 1922 hoc
1406 1857 1477 1921 loco

254 1965 400 2052 opinioni
423 1965 456 2029 id
483 1962 572 2028 laudi
599 1964 721 2046 tribu0,
750 1963 836 2047 quod
861 1965 956 2028 etiam
987 1964 1198 2048 quaestionis
1227 1965 1388 2048 quomodo
1413 1985 1479 2028 cor-

255 2074 382 2158 ruptela
402 2074 472 2136 orta
493 2071 545 2156 sit,
564 2071 723 2135 rationem
742 2069 850 2134 habet.
884 2071 1048 2135 existimat
1071 2071 1156 2134 enim
1176 2071 1350 2155 genuinam
1369 2070 1479 2134 lectio·

253 2203 329 2245 nem
352 2200 421 2243 esse
445 2199 583 2260 corpus
611 2177 670 2240 sui
699 2176 936 2240 custoditum
964 2177 1133 2260 imperii,
1161 2199 1237 2240 nam
1266 2179 1378 2241 avulsa
1401 2181 1479 2240 tum

255 2287 382 2372 syllaba
404 2285 509 2370 primo
534 2306 572 2348 ex
596 2284 831 2374 custoditum
860 2286 966 2346 ortum
996 2304 1065 2348 esse
1094 2283 1273 2348 custodia
1295 2287 1387 2368 tum,
1416 2307 1481 2368 quo

254 2395 341 2459 facto
364 2392 535 2456 librarium
559 2390 698 2476 aliquem
722 2395 759 2455 ut
786 2413 917 2454 sensum
938 2391 1013 2455 'loco
1037 2391 1172 2476 inferret
1195 2391 1254 2455 sui
1278 2395 1421 2456 mutasse
1445 2391 1481 2454 in

256 2523 364 2566 suum
388 2499 427 2562 ad
448 2520 563 2581 corpus
586 2497 801 2580 pertinentem
826 2501 858 2561 ct
881 2497 1034 2580 imperii
1059 2497 1099 2562 ad
1122 2498 1319 2563 redactum
1342 2497 1481 2561 referen-

255 2613 322 2672 tem
344 2607 379 2669 in
403 2606 451 2668 im
458 2604 614 2688 perium.
656 2603 730 2668 huic
753 2603 1015 2687 interpretationi
1043 2605 1145 2668 cuivis
1175 2605 1345 2690 apparebit
1369 2627 1481 2669 sanam

256 2715 363 2778 inesse
386 2711 555 2776 rationem.
598 2712 741 2774 attamen
771 2711 811 2774 ab
842 2694 930 2774 omni
958 2714 1050 2795 parte
1082 2731 1154 2774 eam
1182 2711 1384 2796 probabilem
1411 2733 1482 2776 esse

257 2841 423 2905 negamus.
472 2817 559 2881 haud
591 2816 685 2886 dubie
718 2817 804 2880 enim
838 2816 974 2880 offendit
1005 2816 1210 2900 participium
1244 2818 1482 2882 custoditum

259 2926 342 3012 quod
363 2930 513 3009 putamus
529 2923 695 3007 aptissime
715 2925 833 2987 mutari
853 2945 949 3007 posse
968 2923 1002 2987 in
1012 2923 1198 2988 ¹custodia
1216 2928 1350 2990 tutum.
1385 2925 1483 2990 etiam

259 3035 285 3098 si
308 3030 613 3116 palaeographicam
633 3030 853 3094 condicionem
874 3035 1013 3114 spectes,
1031 3033 1144 3094 nostra
1162 3030 1256 3095 lectio
1275 3031 1485 3114 praeferenda

258 3139 400 3222 videtur,
423 3161 499 3202 nam
518 3137 621 3201 multo
641 3138 747 3200 minus
767 3159 837 3201 eam
858 3137 1030 3200 abhorrere
1049 3160 1068 3201 a
1087 3137 1362 3220 custodiatum,
1386 3160 1484 3222 quam

258 3247 429 3311 lectionem
453 3245 688 3309 custoditum
711 3243 746 3306 in
770 3250 881 3328 aperto
906 3248 963 3308 est.

349 3353 415 3417 Diu
442 3353 642 3434 multumque
671 3350 867 3414 desudarunt
893 3351 956 3416 viri
983 3351 1070 3416 docti
1098 3351 1136 3416 de
1163 3352 1235 3416 loco
1259 3375 1336 3416 ann.
1359 3361 1420 3434 111,
1444 3361 1486 3416 55

262 3463 423 3542 corrupto,
444 3479 537 3540 quem
556 3461 667 3522 tamen
682 3457 804 3541 optime
825 3458 934 3522 sanari
953 3479 1048 3541 posse
1067 3461 1156 3542 puto,
1176 3458 1204 3522 si
1223 3459 1409 3541 genetivum
1429 3459 1485 3543 qui

261 3566 376 3630 dicitur
399 3564 594 3628 obiectivum
618 3564 790 3652 statuimus
814 3568 988 3647 praeeunte
1012 3565 1216 3630 substantivo
1241 3569 1444 3631 certamen.

350 3672 414 3736 Nec
433 3672 539 3737 omnio
557 3672 642 3752 apud
657 3671 779 3752 priores
797 3671 925 3736 meliora
947 3672 1001 3736 sed
1017 3677 1124 3736 nostra
1146 3694 1262 3754 quopere
1279 3677 1365 3737 aedas
1386 3673 1486 3736 malui

262 3781 364 3844 laedis
387 3783 415 3842 et
436 3781 555 3842 ortium
576 3779 732 3842 imitando
748 3779 881 3859 posteris
904 3778 983 3841 tulit.
1022 3799 1126 3842 oerum
1150 3779 1332 3844 baccaulus
1353 3781 1486 3846 maiores

261 3885 431 3950 oertonaiau
453 3905 490 3948 ea
511 3884 632 3948 boamto
654 3889 807 3948 maneant.

353 3991 465 4055 Talem
490 3989 615 4054 codices
639 3990 726 4054 hunc
748 3990 855 4056 locum
875 3990 1036 4055 exhibent.
1074 3992 1240 4077 quaeritur
1262 3996 1384 4077 auam,
1408 4015 1486 4058 num

266 4101 335 4165 sine
355 4099 535 4164 mutatione
555 4097 663 4181 aliqua
681 4098 758 4162 ferri
776 4098 895 4180 possit,
919 4098 1088 4182 quodnisi
1110 4099 1158 4164 ita
1177 4102 1240 4182 est,
1263 4100 1487 4164 emendatione

265 4229 345 4290 opus
370 4227 439 4270 esse
461 4204 547 4269 haud
571 4204 659 4268 facili
688 4206 821 4270 videtur.
859 4206 1053 4289 permultum
1072 4207 1157 4270 enim
1177 4206 1363 4272 offensionis
1387 4208 1489 4274 habet

266 4336 326 4378 vox
351 4312 529 4396 maiores,
548 4311 633 4395 quod
657 4287 748 4377 riulla
766 4312 868 4376 utitur
887 4312 1099 4396 grammatica
1118 4312 1251 4377 ratione.
1291 4313 1347 4378 sed
1370 4313 1488 4378 nihilo·

266 4419 372 4482 minus
401 4422 475 4482 sunt
507 4419 562 4503 qui
590 4419 659 4493 sine
690 4418 871 4483 mutatione
904 4419 1010 4483 locum
1042 4419 1128 4483 haud
1157 4418 1320 4483 difficilem
1349 4441 1419 4484 esse
1447 4419 1488 4484 ad

266 4526 544 4610 interpretandum
573 4526 780 4608 arbitrentur.
821 4528 948 4589 mutata
978 4525 1062 4590 enim
1095 4525 1354 4610 interpunctione
1382 4527 1488 4591 locum

268 4633 427 4719 explicare
447 4638 581 4700 conatus
605 4637 655 4698 est
673 4631 763 4697 Roth
787 4635 919 4698 auctore
937 4630 1124 4698 Boxhornio
1145 4630 1199 4720 (cf.
1215 4631 1311 4697 Roth.
1330 4632 1409 4718 Agr.
1424 4655 1489 4698 exc.
