3340 5218
233 249 276 312 94
764 251 855 320 Caput
873 251 920 306 IV.
989 303 994 310 .

230 418 260 476 et
281 413 329 477 M.
353 413 466 484 Fuluio
485 412 601 477 Flacco
624 414 798 493 interfectis.
836 414 893 497 28,
921 415 934 478 1
961 414 1141 496 Hiempsale
1163 414 1328 495 interfecto.
1364 412 1470 496 43‚5

233 520 375 585 omuibus
397 520 485 584 rebus
501 522 628 603 umetis
646 522 884 604 compositisque.
927 521 984 606 37,
1004 523 1024 585 2
1048 522 1154 588 consul
1172 521 1316 604 euspmtis
1339 519 1469 602 teutoni-

232 628 288 692 bus
314 627 539 709 cohortibusque
565 628 757 692 cumlioriis.
800 627 901 707 91,2
932 629 1042 694 cestris
1066 629 1185 710 positis.
1228 628 1286 710 93,
1313 629 1325 690 1
1358 627 1470 692 diebus

232 739 260 798 et
283 734 657 818 lobombusconsumptis.
699 735 756 818 93,
780 734 800 798 5
828 735 995 816 euplouutis
1023 736 1171 800 omnebus.
1214 734 1312 817 94,1
1336 734 1469 815 parutis

233 842 461 924 compositisque
489 842 628 907 omnibus
655 843 698 906 oct
724 841 823 906 locum
845 842 955 924 percit.
1004 841 1061 925 97,
1084 842 1105 906 3
1132 841 1265 906 exercitu
1292 840 1467 904 coniuncto.

237 948 313 1031 101,
340 949 381 1012 10
405 948 525 1032 suyutis
552 949 708 1030 equitibus.
757 949 871 1032 104,1
901 948 1032 1029 confecto
1057 950 1183 1032 11191111.
1232 947 1307 1011 hist.
1328 945 1384 1030 IV,
1410 947 1469 1030 61,

233 1056 277 1119 20
299 1055 437 1119 Romani
463 1077 555 1121 orma
581 1057 617 1120 in
645 1076 748 1120 ommes
775 1055 887 1120 bobent
912 1077 1075 1120 ucmmmo
1101 1057 1136 1120 iu
1164 1076 1212 1121 eos
1238 1055 1349 1136 quibm
1374 1053 1468 1118 uictis

232 1163 333 1243 spolio
355 1164 491 1227 munium
513 1168 594 1228 sunt.

322 1268 393 1333 Iam
417 1269 524 1352 specie
551 1269 613 1334 hac
643 1269 756 1334 subtili
786 1269 987 1336 subtiliorem
1015 1269 1232 1334 exhibeamus.
1273 1268 1465 1353 plerumque

234 1376 320 1439 enim
347 1375 385 1438 fit
412 1374 497 1459 apud
516 1374 678 1459 Tacitum,
702 1381 739 1440 ut
762 1377 918 1461 temporis
938 1374 1098 1458 definitio,
1122 1397 1202 1458 quae
1220 1375 1382 1459 particula
1406 1375 1465 1437 ali-

235 1503 300 1567 qua
322 1482 357 1546 in
380 1482 564 1547 universum
587 1481 675 1548 facta
693 1488 757 1568 est,
779 1484 921 1548 ablativo
942 1484 1092 1547 absoluto
1117 1481 1228 1546 statim
1247 1483 1466 1566 subsequente

234 1590 415 1654 accuratius
439 1589 635 1674 designetur.
677 1593 773 1673 atque
796 1589 850 1654 hie
872 1610 963 1672 usus,
993 1609 1087 1672 quem
1111 1587 1244 1652 Tacitus
1267 1579 1466 1653 constantis·

235 1696 314 1760 sime
347 1696 614 1780 amplectebatur,
653 1717 848 1780 quamquam
880 1717 938 1778 per
973 1717 1007 1758 se
1044 1695 1179 1760 minoris
1216 1694 1372 1758 momenti
1404 1698 1467 1778 est,

236 1802 346 1887 utiquo
370 1802 668 1866 commemorandus
692 1806 776 1886 erat,
799 1801 989 1886 praesertim
1014 1821 1087 1865 cum
1111 1802 1166 1866 alii
1190 1801 1362 1886 scriptores
1386 1822 1462 1865 eum

234 1932 301 1974 non
326 1909 533 1974 excoluerint.
572 1908 678 1974 Vellei
702 1910 802 1974 solius
823 1909 886 1974 duo
906 1910 1053 1992 exempla
1077 1913 1214 1974 exstant.
1238 1930 1338 1973 unum
1357 1929 1465 1972 exem-

235 2017 324 2101 plum
348 2015 467 2080 clarius
491 2016 691 2080 illustremus
715 2014 789 2082 Tac.
812 2015 886 2080 hist.
910 2013 972 2099 ΙΙΙ,
992 2016 1034 2079 80
1057 2016 1123 2098 cuit
1140 2019 1244 2098 911111
1272 2015 1413 2080 Vitellim
1436 2020 1468 2078 et

234 2124 278 2188 acl
299 2125 443 2188 tuendum
465 2123 570 2188 urbem
588 2143 789 2207 prorumpere
811 2123 899 2187 iubet.
937 2143 1009 2186 mon
1030 2127 1133 2186 uocato
1155 2127 1265 2187 senatu
1286 2122 1467 2204 deliyuntur

235 2231 385 2314 11911111
407 2231 545 2295 exercitu.
583 2232 674 2312 patet
696 2230 731 2293 in
753 2229 912 2312 particula
936 2251 1020 2292 mox
1042 2229 1238 2313 generalem,
1261 2228 1295 2291 in
1318 2227 1463 2292 ablativo

129 2351 134 2360 '
235 2337 466 2402 accuratiorem
497 2336 653 2419 temporis
686 2335 906 2401 definitionem
940 2336 1053 2400 inesse.
1102 2336 1221 2400 similia
1254 2340 1345 2400 sunt:
1388 2335 1465 2402 Tac.

236 2467 309 2508 ann.
328 2443 407 2527 XII,
427 2443 471 2508 54
493 2464 565 2507 mon
584 2443 728 2524 uliscente
743 2445 888 2526 pernicie.
930 2442 1002 2526 XV,
1023 2444 1064 2507 10
1088 2447 1160 2507 tunc
1181 2441 1295 2508 relictis
1317 2441 1464 2506 bibernis.

238 2550 279 2613 ib.
302 2550 409 2614 iuncte
431 2551 542 2614 omisso
570 2551 744 2642 centurione
771 2555 799 2615 et
816 2552 930 2633 paucis
952 2549 1109 2614 militibus.
1151 2549 1223 2631 XV,
1246 2550 1289 2614 25
1318 2554 1389 2614 tunc
1414 2549 1464 2614 in-

236 2656 349 2721 tellecto
377 2657 580 2721 borbcmrum
607 2656 712 2720 irrisu.
758 2655 830 2741 XV,
854 2657 896 2720 29
930 2656 1001 2721 olein
1022 2657 1135 2737 paucis
1161 2655 1265 2720 diebus
1291 2656 1464 2720 numeneus.

236 2761 308 2847 XV,
331 2762 373 2828 57
401 2769 475 2846 post
495 2763 653 2846 promisso
683 2763 873 2845 impunitate.
920 2761 1014 2840 XVI,
1041 2763 1081 2827 10
1114 2767 1179 2826 tum
1206 2761 1346 2826 bortontc
1362 2765 1464 2844 potue.

235 2869 311 2934 hist.
334 2869 380 2954 ΙΙ,
404 2870 444 2934 91
468 2889 541 2934 mon
562 2870 776 2952 minuentibus
798 2871 916 2934 amicis.
959 2867 1022 2952 ΠΙ,
1044 2867 1083 2932 11
1108 2889 1181 2933 mou
1204 2869 1326 2934 omissis
1350 2868 1464 2934 lictori·

236 2976 291 3040 bus
313 2976 483 3040 Putooium
505 2977 656 3041 concessit.
701 2973 768 3058 ΙΙΙ,
794 2976 833 3039 13
862 2995 934 3040 mon
956 2973 1170 3056 iemipientibus
1197 2976 1252 3058 qui
1273 2975 1386 3039 conscii
1408 2975 1464 3040 ac-

236 3087 333 3147 eront.
383 3081 446 3164 III,
468 3081 510 3147 51
540 3083 612 3148 dein
634 3081 751 3164 11911111
772 3081 917 3160 facinore.
969 3079 1098 3163 111‚80
1127 3100 1200 3144 mon
1226 3085 1329 3145 uocato
1355 3086 1465 3146 senatu

239 3188 330 3271 leonti
352 3188 537 3269 deluuntur.
573 3187 630 3272 IV,
651 3190 666 3251 1
692 3207 764 3252 mou
786 3192 959 3270 mucescente
982 3186 1104 3252 licentio
1126 3190 1262 3252 scrutum
1284 3208 1321 3251 cc
1337 3192 1462 3269 proteu

235 3294 305 3358 ltere
331 3295 458 3360 obditos.
511 3294 567 3381 IV,
591 3293 634 3360 25
666 3314 739 3359 mou
769 3295 985 3360 comantibus
1016 3294 1191 3360 Gerumnu.
1241 3293 1298 3378 IV,
1322 3295 1365 3360 32
1392 3315 1465 3360 mon

237 3402 343 3465 ullutis
367 3400 539 3468 Geldubam
562 3404 596 3467 in
619 3407 723 3467 castro
745 3404 873 3468 nuntiis.
906 3401 963 3486 IV,
983 3401 1026 3467 84
1049 3403 1174 3466 iuterim
1197 3401 1330 3466 triennio
1352 3407 1464 3466 111111.

236 3507 320 3572 Vell.
339 3507 381 3591 II,
401 3509 443 3573 30
462 3530 535 3574 mon
553 3514 698 3574 crescente
720 3510 755 3574 in
773 3511 837 3574 dies
855 3509 1059 3574 multitudiue.
1097 3507 1138 3593 II,
1160 3509 1314 3574 11211111
1333 3529 1461 3573 crescen-

237 3615 317 3679 tibus
339 3616 374 3679 in
397 3616 461 3680 dies
483 3615 568 3681 uitiis
590 3617 719 3700 itionum
734 3617 842 3698 surore
863 3635 919 3681 suo
941 3615 1043 3680 bubito
1067 3616 1190 3680 enitecm.

471 3829 502 3893 (l.
534 3828 579 3895 De
602 3828 747 3895 ablativo
772 3829 828 3910 qui
850 3827 917 3895 viu
938 3827 1037 3892 habet
1060 3825 1226 3893 causalem.

451 3988 483 4070 a)
519 3990 595 4057 abl.
624 3989 744 4054 absol.
773 3989 976 4073 participii
1010 3988 1249 4073 praesentis.

395 4139 421 4194 1.
449 4139 551 4209 Apud
574 4141 746 4197 Tacitum:

326 4254 410 4320 Ann.
434 4254 464 4339 I,
490 4256 505 4319 1
532 4255 1236 4338 111111191111111111111111111111111111111111111111·ι
1272 4251 1297 4336 I,
1319 4253 1359 4316 12
1383 4254 1463 4316 inlu·

237 4383 315 4443 qum
332 4366 440 4426 senatu
458 4365 501 4426 od
520 4364 644 4446 1111711111
663 4364 871 4427 obtestationes
882 4362 1097 4443 promcmbcnte
1115 4361 1197 4426 dicit
1211 4361 1293 4441 forte
1313 4360 1463 4423 liberius.

237 4468 266 4554 I,
293 4469 333 4532 14
359 4469 499 4534 liortunte
520 4474 638 4534 senatu
685 4467 715 4553 I,
738 4469 780 4532 38
809 4470 1022 4533 intumescente
1044 4472 1135 4531 ncotu.
1189 4467 1221 4550 l,
1245 4468 1287 4530 68
1315 4467 1463 4532 Arminio

235 4578 389 4642 suadente.
439 4575 827 4659 Ι,7011111111111111111.
873 4575 916 4638 ib.
943 4577 1124 4640 adversante
1145 4575 1239 4640 undo.
1296 4572 1342 4658 ΙΙ,
1366 4575 1386 4638 9
1409 4573 1463 4638 illo
