3330 5228
271 265 314 328 22
808 263 899 334 capua
916 264 950 318 11.

364 427 438 492 Tac.
462 450 534 492 ann.
557 428 589 512 Ι,
611 426 655 491 45
677 429 721 492 sic
743 429 915 508 compositis
937 427 1149 509 praesentibus
1171 426 1257 492 baud
1281 427 1384 492 minor
1406 427 1499 492 males

270 540 430 617 supererat
458 533 589 622 (accidit
616 537 784 617 praeterea
811 534 847 597 in
869 533 930 598 hoc
954 534 1117 616 exemplo,
1145 537 1182 596 ut
1204 533 1411 617 participium
1439 555 1498 616 pro

272 642 474 707 substantivo
526 644 717 724 usurpatum
767 641 801 704 in
849 640 991 705 ablativo
1045 639 1191 704 absoluto
1242 641 1406 724 prolatum
1458 640 1501 704 sit

278 736 329 795 -’
354 749 583 832 compositis
619 746 896 833 praesentibus
925 778 967 799 =
995 747 1195 830 praesenti
1230 769 1355 811 rerum
1393 749 1499 810 statu

272 855 489 940 composito
514 891 554 900 -
580 877 644 938 qua
668 875 763 918 exre
787 854 837 918 vel
867 853 1005 917 maxime
1034 856 1168 938 apparet
1195 853 1402 939 participium
1426 853 1500 916 sub-

273 962 407 1027 stantivi
429 962 495 1026 vim
518 962 616 1044 plane
640 961 702 1025 sibi
715 955 912 1046 vindicasse)
941 958 1025 1043 1‚65
1048 965 1151 1042 coepta
1174 961 1238 1025 luee
1260 962 1373 1025 missac
1395 961 1430 1024 in
1454 960 1498 1024 la-

273 1075 338 1134 tera
369 1070 499 1152 lepiones
529 1073 611 1132 metu
638 1089 682 1132 an
713 1068 906 1133 contumacia
939 1067 1038 1131 leuem
1069 1069 1223 1132 deseruere
1255 1073 1341 1155 capto
1370 1089 1499 1150 propere

271 1197 377 1259 campo
404 1176 563 1240 trementia
589 1175 682 1242 ultra.
718 1173 747 1258 I,
772 1175 813 1238 19
836 1195 890 1240 433
911 1173 1041 1238 Reatini
1067 1174 1199 1239 silebant
1226 1174 1369 1240 Velinum
1397 1175 1499 1240 lacum

271 1305 334 1365 qua
362 1284 397 1346 in
426 1282 545 1347 Narem
574 1280 745 1361 effunditur
774 1281 891 1346 obstrui
919 1286 1092 1346 recusantes
1120 1282 1231 1363 quippe
1260 1284 1296 1346 in
1324 1283 1501 1346 adiacentia
1530 1275 1541 1290 ⁰

272 1394 461 1472 erupturum.
497 1387 561 1472 ΠΙ,
584 1389 627 1453 28
651 1389 732 1454 uelut
747 1408 866 1470 parens
889 1389 1027 1452 omnium
1049 1389 1186 1471 populus
1212 1391 1358 1454 coeuntia
1380 1394 1499 1454 teneret.

273 1495 330 1580 IV,
353 1496 373 1559 3
396 1500 432 1560 ut
446 1515 508 1577 pra
526 1494 659 1561 locustis
676 1502 706 1561 et
722 1495 934 1578 praesentibus
951 1497 1108 1579 slapitiosa
1126 1501 1155 1560 et
1173 1498 1291 1560 incula
1308 1501 1501 1579 exspectaret.

274 1601 334 1686 VI,
357 1602 400 1667 48
433 1602 608 1666 documento
639 1603 795 1684 sequentia
826 1607 923 1666 urent.
970 1600 1047 1686 XII,
1070 1603 1112 1666 69
1145 1605 1343 1685 ecupruentia
1373 1605 1502 1685 tempori

270 1709 441 1791 praefatus.
482 1708 552 1792 XV,
580 1708 624 1772 54
654 1691 787 1790 arreptis
816 1709 1039 1790 suspicionibus
1066 1759 1153 1773 ....
1181 1711 1218 1774 cle
1245 1710 1501 1792 consequentibus.

274 1817 349 1880 hist.
371 1813 411 1898 V,
438 1814 479 1877 14
501 1816 654 1880 reuolutus
676 1817 780 1879 amnis
802 1815 1011 1880 adiacentibus
1033 1816 1312 1897 superfunderetur.
1346 1839 1419 1881 ann.
1442 1816 1502 1900 HI,

274 1923 316 1986 38
345 1941 425 2004 pars
457 1920 560 1985 turbat
583 1922 759 2004 praesentia
786 1921 844 1986 alii
871 1926 1003 2002 mentem
1030 1922 1190 1988 Haemum
1221 1926 1500 2007 transprediuntur.

273 2029 336 2114 ΠΙ,
358 2028 402 2092 44
429 2027 521 2092 multi
547 2028 616 2092 arlia
640 2029 851 2109 praesentium
875 2033 904 2092 et
925 2029 1068 2110 cupidine
1095 2031 1275 2096 mutationis
1297 2032 1363 2096 suis
1386 2052 1503 2113 quoque

270 2135 418 2219 periculis
437 2134 639 2200 laetabantur.
667 2134 728 2219 ΙΙΙ,
746 2135 788 2199 41
812 2136 931 2199 iturum
949 2141 985 2200 ut
1003 2139 1181 2218 praesentia
1198 2142 1351 2219 spectaret.
1381 2137 1439 2223 IV,
1459 2138 1501 2202 69

270 2243 441 2326 praeterita
463 2246 492 2305 ct
512 2243 665 2307 instantia
687 2241 832 2307 cumulat.
865 2241 906 2326 V,
929 2243 950 2306 4
973 2244 1048 2308 dum
1070 2245 1300 2308 imminentium
1322 2244 1433 2309 oblitus
1455 2245 1502 2307 in-

275 2354 356 2414 eerta
371 2353 469 2432 pauet.
496 2347 537 2431 V,
555 2350 575 2413 9
594 2349 681 2430 filius
698 2348 928 2413 imminentium
945 2349 1127 2433 iutellepens.
1157 2349 1213 2434 VI,
1232 2333 1275 2415 46
1292 2351 1398 2433 pratia
1410 2371 1502 2433 prae-

274 2457 406 2522 sentium
437 2476 532 2537 quam
562 2457 598 2520 in
624 2459 761 2537 posteros
793 2456 928 2521 ambitic.
969 2455 1040 2540 XV,
1073 2458 1093 2520 9
1126 2456 1242 2521 Paetus
1273 2457 1503 2521 imminentium

275 2563 402 2628 nescim.
443 2561 519 2625 hist.
541 2560 606 2646 ΙΙΙ,
628 2563 671 2626 36
698 2564 880 2646 praeterita,
912 2563 1079 2647 instantia,
1108 2564 1221 2645 futura
1246 2565 1323 2646 pari
1355 2565 1503 2628 obliuione

276 2669 443 2734 dimiserat.

364 2773 447 2839 llam
471 2779 579 2840 autem
602 2776 743 2840 Tacitini
766 2775 922 2840 sermonis
946 2776 980 2840 in
1003 2775 1064 2840 hac
1087 2798 1122 2841 re
1143 2775 1335 2841 facilitatem
1359 2798 1442 2855 esse,
1464 2781 1502 2841 ut

277 2903 389 2946 omnes
426 2904 520 2946 casus
554 2883 595 2946 ad
631 2882 721 2948 illam
754 2883 1053 2968 accommodentur,
1091 2882 1237 2967 inprimis
1275 2884 1500 2948 demonstran·

277 2990 352 3054 dum
380 3011 450 3054 3333
478 2990 613 3054 videtur.
650 2993 746 3074 atque
770 2990 897 3054 omissis
919 2989 973 3055 hic
996 2990 1164 3074 perpaucis
1195 2990 1390 3074 participiis,
1418 3012 1500 3074 quae

277 3116 394 3179 genere
421 3099 535 3160 neutro
564 3100 700 3161 utuntur
726 3097 791 3160 iam
819 3095 1036 3181 indagandum
1061 3097 1133 3175 erit,
1163 3097 1269 3182 qualis
1298 3100 1330 3161 ct
1358 3102 1500 3182 quantus

277 3203 312 3266 in
344 3202 472 3267 casibus
498 3204 644 3288 obliquis
677 3226 755 3267 usus
787 3204 841 3266 ille
875 3203 926 3267 sit.
969 3203 1014 3268 sic
1042 3212 1184 3268 ablativi
1206 3212 1385 3281 singularia
1418 3205 1503 3290 apud

278 3307 467 3373 Sallustium
491 3312 524 3374 et
550 3310 712 3377 Velleium
738 3309 876 3394 nullum,
905 3308 989 3393 apud
1018 3308 1167 3374 Tacitum
1194 3333 1294 3374 unum
1310 3313 1502 3396 exemplum

276 3416 473 3482 invenimus:
493 3440 566 3482 ann.
575 3417 663 3503 XIV,
673 3417 714 3482 57
730 3419 785 3500 qui
796 3418 871 3499 finis
885 3418 1024 3482 omnium
1042 3439 1111 3484 uem
1130 3419 1307 3482 dominante
1319 3439 1503 3484 samonum.

277 3523 405 3588 numeri
426 3524 562 3608 pluralis
586 3524 661 3589 tria:
690 3524 764 3589 hist.
787 3523 818 3609 I,
843 3525 883 3588 16
906 3545 963 3589 433
986 3525 1060 3592 bello
1083 3530 1112 3589 et
1133 3525 1172 3590 ab
1194 3525 1427 3592 aestimantibus
1448 3527 1502 3590 ad·
1610 3558 1615 3574 ·
1653 3515 1654 3560 ³

277 3629 346 3693 sciti
367 3650 437 3694 cum
464 3631 585 3696 inuidia
606 3633 747 3714 quamuis
769 3633 880 3714 eprepic'
907 3632 1030 3697 erimm.
1066 3630 1097 3715 Ι,
1120 3631 1164 3696 45
1191 3636 1305 3697 cature
1327 3652 1396 3696 cum
1411 3652 1503 3714 prae

277 3735 476 3800 currentibus.
499 3736 559 3820 HI,
582 3738 624 3802 28
647 3738 807 3803 semineces
829 3756 899 3801 uem
922 3737 1151 3819 exspirantibus
1172 3739 1343 3803 uoluuntur.

366 3840 477 3906 lltiam
492 3840 657 3911 Ciceronis
677 3844 823 3928 exempla
837 3843 1009 3910 admodum
1027 3867 1133 3930 pauca
1151 3868 1222 3912 esse
1240 3845 1333 3910 docet
1346 3809 1503 3932 Naegels-

278 3946 406 4034 bach.1)
1182 3943 1186 3950 ⁴

366 4084 561 4141 Accusativi
582 4087 725 4156 pluralia
751 4078 913 4162 permulta
936 4082 1013 4143 sunt
1036 4079 1183 4162 exempla
1205 4077 1325 4163 Taciti,
1348 4080 1504 4145 nonnulla

279 4179 426 4247 Sallustii
449 4187 481 4248 et
501 4181 615 4269 Vellei,
639 4185 722 4250 sicut
744 4186 819 4251 Tac.
838 4208 911 4250 ann.
930 4184 1019 4270 XIV,
1038 4186 1081 4249 33
1104 4206 1199 4267 neque
1220 4186 1295 4267 datu
1316 4192 1346 4250 et
1367 4187 1504 4252 lacmmis

279 4290 437 4355 arcailium
459 4292 525 4356 cim
546 4293 704 4357 manuum
724 4293 823 4373 denus
840 4297 892 4374 est,
914 4293 991 4374 quin
1009 4294 1097 4357 duret
1112 4292 1313 4374 profectionis
1334 4293 1457 4376 3394443
1475 4297 1504 4357 et

223 4429 227 4436 ·
279 4397 456 4461 multantes
483 4399 518 4462 iu
542 4403 663 4480 portem
690 4399 825 4481 upmiurs
852 4399 1004 4480 acuperet.
1045 4396 1137 4483 XVI,
1163 4399 1203 4462 16
1230 4399 1347 4464 oderim
1375 4401 1504 4484 sepuiter

353 4607 378 4674 1)
397 4606 457 4662 Lat.
477 4606 538 4662 Stil.
560 4626 587 4676 p.
607 4613 649 4662 90.
