3340 5218
252 316 294 379 88
786 310 875 380 caput
893 311 939 365 IV.

251 479 282 563 Ι,
296 480 338 544 ΙΟ
363 477 567 543 Germanicus
590 477 742 559 lepiauum
765 526 772 540 .
792 526 799 539 .
819 526 826 539 .
848 479 1013 542 secuudum
1035 483 1064 542 et
1084 483 1230 561 quartam
1248 479 1396 542 demmam
1415 475 1488 540 Pu-

252 587 313 650 blio
349 585 471 650 Vitellio
498 584 650 649 ducmalas
678 583 782 648 tradit.
828 582 883 666 IV,
906 585 949 648 22
980 595 1052 651 reus
1076 587 1199 667 frustra
1227 588 1370 666 temptato
1396 584 1487 663 ferro

252 712 345 757 reuas
361 691 507 774 praebuit
528 689 733 754 eusolueudas.
775 688 862 773 XIV,
881 690 925 754 44
947 693 1004 756 etsi
1025 713 1107 758 uum
1119 694 1261 774 priumm
1283 692 1486 756 statumelum

253 799 438 865 haberemus.
469 795 542 881 XII,
557 796 578 860 5
596 818 649 861 uec
667 801 738 861 aute
752 797 867 861 amissa
881 800 1031 864 cuuctatia
1049 819 1144 881 quam
1162 798 1304 864 Vitellius
1321 798 1387 862 suis
1405 798 1486 861 arti-

253 907 308 971 bus
329 908 365 971 id
375 905 618 988 perpetraudum
636 903 776 986 uruqosit.
818 902 937 986 hiae-1,
952 905 995 968 25
1018 925 1171 989 suscepere
1189 907 1250 971 duo
1267 904 1486 987 mampumres

252 1014 417 1096 imperimu
440 1013 549 1096 populi
575 1011 714 1076 Romami
741 1011 996 1091 trausferemlum.
1043 1012 1072 1098 Ι,
1099 1013 1139 1078 15
1171 1013 1252 1078 uibil
1276 1011 1485 1094 praeteritum

253 1121 460 1186 cumsaudum
477 1120 598 1185 labeas.
634 1117 681 1200 II,
700 1119 720 1182 9
741 1117 904 1184 Galatiam
922 1118 1137 1202 Pampbiliam
1149 1120 1330 1204 prouincias
1348 1117 1485 1201 Camur-

253 1231 305 1294 uic
328 1228 499 1310 Asprenati
521 1227 668 1310 repemlas
692 1224 794 1290 Galba
815 1226 1010 1307 permiserat.
1054 1225 1101 1311 II,
1126 1227 1167 1291 76
1189 1225 1391 1309 pollueudam
1408 1247 1484 1307 per·

254 1337 443 1416 claudamque
459 1333 679 1417 rempublicam
697 1332 874 1414 reliuquere.
913 1331 974 1417 III,
989 1333 1031 1397 66
1051 1335 1269 1398 trucidamlum
1287 1333 1485 1415 eapimmum-

254 1464 310 1526 que
337 1442 475 1506 tradidit.
515 1437 577 1522 III,
600 1439 644 1503 40
672 1459 728 1520 per
759 1459 834 1520 quos
861 1436 918 1522 (se.
943 1436 1204 1524 commentarios)
1232 1444 1365 1504 posceret
1392 1461 1486 1522 quem

255 1551 381 1634 quisque
403 1547 610 1614 accusandum
627 1546 821 1628 poposcisset.
853 1544 910 1630 IV,
925 1546 964 1610 61
987 1547 1143 1627 ferebatur
1160 1546 1294 1628 parmula
1311 1546 1378 1628 pilia
1395 1568 1485 1628 quos-

255 1660 329 1723 dam
352 1656 542 1738 captiuorum
565 1654 686 1734 sapittis
711 1652 879 1735 iaculisque
897 1654 1126 1736 puerilibusque
1151 1655 1309 1737 (impendas
1332 1654 1486 1720 obtulisse.

255 1764 312 1848 IV,
336 1763 378 1828 63
407 1760 516 1828 Ciuilis
538 1765 568 1824 ct
590 1758 747 1826 Classicus
771 1809 777 1823 .
797 1810 804 1824 .
823 1810 857 1826 ..
885 1781 928 1826 au
950 1762 1102 1827 eolouiam
1124 1761 1384 1844 Aqmppiueusem
1406 1763 1486 1826 diri-

250 1872 401 1955 pieudam
419 1867 598 1933 exercitibus
615 1868 681 1932 suis
693 1869 906 1949 permitterent
922 1869 1103 1934 dubitavere.
1139 1867 1197 1952 IV,
1217 1870 1257 1933 ll
1281 1890 1377 1951 meque
1394 1869 1488 1934 aliud

256 1979 464 2044 eearsaudum
486 1974 588 2040 labeo.
627 1973 746 2059 dialog.
765 1977 784 2040 8
807 1997 887 2057 quac
909 1998 973 2041 uou
990 1979 1101 2042 auditu
1118 1977 1322 2060 copmsceuda
1343 1977 1396 2042 sed
1412 1997 1485 2041 ocu·

258 2087 296 2152 lis
313 2084 478 2168 petuma
494 2081 679 2146 baberemus.
719 2081 759 2146 13
782 2083 859 2164 quid
874 2083 986 2148 babeat
1002 2085 1037 2148 iu
1054 2084 1113 2149 bac
1128 2085 1259 2164 fortuma
1276 2083 1485 2166 caumcpisem
1542 2069 1544 2074 ¹

256 2195 339 2259 dum.
376 2192 419 2256 36
442 2190 685 2272 respmcleuclum
706 2188 857 2254 habereut.
893 2189 975 2255 Vell.
993 2190 1023 2276 Ι,
1045 2192 1085 2256 13
1108 2191 1285 2257 Mummius
1308 2196 1372 2256 tam
1394 2191 1486 2254 rudis

255 2302 320 2382 fuit
340 2304 376 2364 ut
396 2302 487 2381 capta
509 2295 655 2363 amum
678 2316 748 2361 cum
765 2297 974 2362 mauimomm
993 2299 1149 2380 artificum
1164 2300 1318 2381 perfectas
1339 2297 1487 2362 manibus

258 2407 380 2472 umus
413 2428 449 2472 ae
479 2409 599 2470 stabias
634 2405 669 2467 iu
700 2403 832 2469 Italiam
858 2407 1033 2487 pcrtaudas
1069 2407 1188 2471 mearet.
1237 2406 1268 2491 Ι,
1300 2407 1339 2470 16
1371 2425 1486 2470 uacum

258 2508 485 2598 (comoediam)
509 2511 706 2576 Meuaudrus
728 2511 925 2593 aequalesque
947 2513 1012 2577 eius
1035 2563 1041 2576 .
1062 2563 1068 2576 .
1088 2562 1095 2575 .
1115 2562 1121 2576 .
1145 2513 1284 2577 moenere
1306 2563 1313 2576 .
1333 2561 1340 2575 .
1360 2563 1367 2575 .
1390 2531 1487 2592 mque

258 2621 444 2684 imitamlam
471 2618 625 2699 reliquere.
665 2614 712 2699 ΙΙ,
739 2616 801 2679 124
828 2618 951 2681 taudem
979 2619 1078 2700 mapis
1105 2618 1226 2683 ratioue
1251 2639 1346 2700 quam
1372 2618 1486 2684 bouare

258 2729 355 2792 emtus
377 2730 422 2791 est
442 2745 510 2789 cum
532 2723 683 2806 qm'dquid
709 2724 855 2788 tuendum
876 2745 939 2789 um
961 2727 1139 2807 suscepisset
1160 2726 1338 2807 periturum
1364 2726 1484 2790 videret

260 2833 336 2899 Sall.
363 2831 433 2916 Iug.
452 2832 486 2915 6,
513 2833 527 2894 1
562 2851 625 2894 mou
656 2850 688 2895 se
720 2830 796 2894 lucu
827 2851 922 2913 meque
953 2833 1083 2896 iuertiae
1111 2833 1368 2914 corrumpendum
1395 2834 1485 2898 dedit.

260 2940 317 3023 90,
342 2941 363 3004 2
381 2959 475 3022 pecus
497 2987 504 3001 .
524 2986 531 3001 .
551 2985 583 3003 ..
612 2937 822 3002 auxiliaribus
844 2939 997 3020 apeudum
1023 2939 1171 3004 attribuit.
1217 2937 1293 3002 hist.
1316 2937 1373 3022 ΙΙΙ,
1392 2939 1445 3022 61,
1464 2940 1485 3005 6

259 3068 327 3112 mm
355 3047 479 3110 iuterim
505 3065 588 3110 more
607 3065 751 3126 pecorum
772 3065 825 3110 aas
851 3045 1015 3110 multitudo
1041 3047 1173 3128 sirpulis
1199 3045 1351 3110 babertdos
1377 3045 1486 3125 freme-

259 3157 371 3236 dosque
386 3153 549 3235 praebetis.

823 3280 843 3358 ξ
870 3278 919 3342 19.

750 3411 799 3465 De
822 3409 990 3467 Ablativo.

349 3546 521 3610 Ablativus
545 3546 564 3608 i.
589 3567 614 3610 e.
645 3544 805 3609 ablativus
829 3542 1046 3628 praedicativa
1070 3543 1101 3608 vi
1125 3545 1302 3609 instructus
1310 3542 1334 3630 ¹)
1364 3550 1488 3630 quauta

261 3654 305 3717 sit
318 3675 396 3716 usus
411 3651 578 3735 varietate,
595 3652 629 3714 in
644 3651 830 3715 universum
846 3653 983 3715 constat
1016 3672 1116 3734 quare
1131 3651 1159 3714 si
1174 3672 1234 3714 nos
1248 3651 1332 3716 hane
1347 3656 1485 3716 structu-

259 3782 330 3824 ram
354 3758 535 3822 accuratius
558 3757 761 3822 tractendam
786 3757 996 3839 suscipimus,
1024 3756 1058 3820 id
1082 3778 1120 3822 eo
1143 3757 1280 3822 consilio
1303 3757 1354 3840 fit,
1380 3761 1417 3820 ut
1440 3758 1488 3820 in-

260 3865 435 3948 tellegatur
457 3863 536 3927 illud
559 3862 693 3946 idioma,
721 3862 806 3947 quod
832 3885 851 3926 a
874 3859 1038 3926 Ciceronis
1063 3866 1169 3926 aetate
1192 3884 1294 3947 usque
1318 3862 1358 3927 ad
1381 3863 1488 3928 Taciti

260 3975 408 4053 tempora
432 3970 548 4054 engua
575 3974 703 4034 tantum
732 3970 932 4034 incrementa
960 3970 1096 4053 accepit,
1127 3970 1168 4034 ab
1197 3969 1253 4034 illo
1283 3969 1412 4034 demum
1440 3970 1488 4034 ita

261 4078 422 4141 excultum
447 4098 531 4160 esse,
558 4083 594 4140 ut
620 4078 655 4141 in
677 4077 768 4142 varis
791 4097 912 4162 genera
935 4080 967 4140 et
990 4077 1118 4158 modos,
1147 4098 1285 4160 quorum
1315 4075 1487 4160 unicuique

262 4185 312 4249 sui
335 4184 415 4248 fines
440 4204 560 4266 suaque
589 4183 712 4249 indoles
737 4188 825 4269 sunt,
854 4183 1047 4248 discesserit.
1095 4204 1194 4266 quare
1222 4204 1262 4245 ne
1291 4181 1368 4266 quid
1396 4182 1488 4266 desit,

262 4312 343 4374 opus
372 4311 441 4354 esse
470 4289 595 4354 videtur
622 4291 726 4356 obiter
754 4291 868 4354 saltem
900 4290 1093 4372 describere,
1124 4293 1246 4374 quanta
1274 4289 1488 4354 delectatione

263 4396 395 4462 Tacitus
419 4396 454 4460 in
476 4396 516 4461 iis
537 4419 664 4481 quoque
684 4398 855 4483 generibus
876 4396 1011 4461 ablativi
1031 4395 1185 4481 absoluti,
1209 4416 1290 4480 quae
1310 4395 1374 4460 iam
1394 4418 1486 4480 supe-

335 4576 361 4640 1)
380 4571 419 4626 Cf.
435 4569 707 4640 illinet-Lattmann,
721 4570 830 4627 Latcin.
845 4569 1046 4640 Schulgrsmm.
1067 4577 1082 4638 ᾖ
1098 4577 1140 4627 58.
1173 4571 1203 4624 lb.
1218 4569 1378 4640 Hoffmann,
1391 4570 1488 4626 Jahrb.

261 4661 306 4718 fur
323 4661 396 4717 Phil.
417 4659 489 4730 CXI,
507 4677 572 4732 pag.
596 4666 656 4718 783.
