3300 5224
663 281 810 352 Appendix
829 282 933 337 critica.
991 357 996 364 ὴ
1348 283 1410 348 137

183 448 279 512 tiam
310 469 440 512 eorum
470 446 744 512 consultarent
772 469 813 510 ac
839 446 1064 510 verberibus
1094 468 1150 530 qu.
1174 445 1267 533 squ.)
1301 451 1413 512 nostra

183 555 344 638 expositio
362 555 483 640 optime
502 554 668 638 probatur.
699 575 775 618 narn
790 576 862 618 eum
881 559 1037 638 tanquam
1055 556 1184 636 praeter
1200 555 1412 638 voluntatem,

185 661 270 747 quod
293 683 407 726 verum
430 665 493 746 est,
527 659 648 726 sentiat
671 660 774 745 magis
803 683 900 744 quam
927 660 1116 745 perspiciat,
1143 661 1301 726 enuntiati
1328 664 1413 746 parti

185 767 291 832 alteri:
323 768 368 834 sie
396 769 496 834 lusson
529 767 593 833 sict
619 766 705 834 utctt
730 767 846 831 armat
873 766 933 848 aas
957 768 1045 832 aneu
1071 766 1268 850 repelrectterr
1289 790 1413 850 process

183 877 242 940 mit
262 876 330 940 dem
349 879 502 957 patronus
530 875 581 939 cire
610 870 661 958 (ut
682 894 724 936 ne
744 894 846 958 aequo
871 924 877 938 .
899 923 905 936 .
925 922 958 939 ..
983 870 1130 959 agerent)
1158 874 1311 958 opposuit
1334 877 1411 939 alte-

183 1005 267 1047 ram:
295 983 430 1048 sortdmt
456 981 570 1046 drohen
603 979 669 1044 ilum
699 981 757 1044 mit
782 979 925 1063 schldperr
957 977 1156 1064 (verberibus
1185 1003 1299 1045 manus
1326 984 1412 1048 ultro

182 1086 412 1175 intenderent),
434 1088 519 1152 falso
536 1091 645 1152 tamen
666 1086 846 1171 praemittit
867 1123 904 1132 —
930 1086 964 1151 id
987 1087 1072 1171 quod
1095 1109 1133 1151 ex
1157 1088 1225 1152 eius
1249 1090 1412 1154 sententia

183 1196 344 1260 enuntiati
367 1195 469 1281 priori
492 1195 578 1278 parti
602 1194 721 1278 opponi
745 1193 870 1276 debuit,
894 1193 950 1258 sed
969 1194 1055 1278 quod
1079 1194 1199 1278 opponi
1217 1217 1283 1260 non
1302 1199 1411 1280 potest

183 1339 227 1350 —·
250 1302 488 1367 sententiam
511 1323 641 1366 eorum
665 1301 945 1365 consultarent.

272 1409 361 1474 Haec
390 1408 555 1473 sufficiant
583 1409 623 1472 ad
653 1408 831 1473 sententias
855 1405 1118 1494 Bezzenbergeri‚
1148 1407 1293 1493 Sirkeri,
1312 1408 1411 1474 Dras-

185 1520 254 1603 geri
277 1516 475 1581 refutandas.
515 1517 579 1579 iem
608 1515 753 1580 venimus
777 1515 816 1580 ad
840 1513 1096 1599 Nipperdeyum,
1124 1515 1180 1598 qui
1208 1514 1254 1579 ita
1284 1516 1412 1581 scribit:

184 1626 252 1690 ille
276 1647 323 1689 an
346 1625 482 1688 auctor
504 1622 805 1687 constitutionis
827 1622 948 1686 fieret
970 1643 1052 1685 curn
1079 1622 1180 1686 inter
1207 1645 1353 1706 paucos
1376 1628 1413 1689 et

183 1731 403 1797 sententiae
432 1729 607 1795 diversos
631 1729 875 1794 consultaret
903 1728 1132 1813 quibusdam
1160 1730 1342 1796 coalitam
1367 1733 1411 1797 li·

182 1841 337 1906 bertate
364 1835 662 1902 irreverentiam
690 1857 732 1902 eo
759 1835 983 1920 prorupisse
1014 1835 1270 1902 frementibus
1299 1843 1340 1903 ut
1366 1863 1412 1904 ne

184 1967 303 2031 aequo
332 1943 481 2029 quidem
506 1966 587 2009 eum
615 1943 792 2027 patronis
820 1943 902 2008 iure
932 1947 1094 2028 agerent
1117 1966 1158 2008 ae
1186 1944 1411 2010 verberibus

183 2075 316 2116 manus
335 2052 439 2116 ultro
459 2050 711 2115 intenderant
730 2049 964 2114 sententiam
984 2072 1026 2115 eo
1049 2051 1236 2134 impulere
1260 2055 1300 2116 ut
1323 2075 1411 2137 poe-

182 2183 266 2224 nam
291 2158 535 2224 sanciendam
564 2157 752 2222 suaderet.
795 2160 890 2241 atque
913 2157 993 2222 haee
1021 2158 1159 2222 mutatio
1183 2162 1220 2222 ut
1246 2162 1411 2224 taceamus

183 2267 222 2331 de
243 2267 349 2332 verbis
370 2266 522 2332 audacius
542 2264 693 2331 correctis
713 2267 746 2329 et
762 2264 972 2348 transpositis
994 2264 1110 2330 falsam
1129 2266 1289 2331 rationem
1307 2266 1412 2331 Taciti

183 2374 283 2438 infert
305 2373 494 2438 narrationi.
535 2394 613 2436 nam
635 2371 684 2436 illi
707 2372 917 2436 frementes
947 2371 1102 2456 principis
1127 2373 1322 2438 sententiam
1345 2396 1412 2439 non

183 2484 250 2546 tarn
276 2503 313 2546 eo
337 2480 508 2564 impulere,
535 2483 572 2544 ut
595 2501 732 2563 poenam
761 2478 969 2544 sanciendam
994 2478 1154 2564 suaderet,
1184 2484 1220 2544 ut
1248 2481 1411 2545 contrarie

185 2587 347 2652 sententia
374 2586 505 2652 valeret
547 2585 586 2650 ef.
610 2607 635 2650 e.
659 2586 701 2650 27
730 2586 933 2651 disserebatur
959 2592 1067 2652 ceretro
1089 2609 1262 2670 paucorum
1289 2589 1411 2671 uulpem

182 2696 260 2776 ipsis
287 2695 447 2758 exitiosum
470 2715 531 2759 esse
558 2693 660 2758 dehere
686 2694 767 2759 nteit
793 2695 1006 2759 antemnarum
1034 2695 1100 2758 iuri
1127 2697 1343 2778 (irrependum.
1371 2735 1408 2744 —

182 2801 238 2866 ib.:
260 2802 333 2866 haec
355 2803 506 2866 sarmatia
526 2802 623 2865 voluit
643 2801 825 2883 scripsitque
848 2798 964 2866 Caesar
985 2803 1107 2866 senatui
1124 2803 1278 2882 privatim
1300 2824 1410 2887 erper-

181 2910 286 2973 dereut
307 2929 433 2974 causum
462 2908 638 2973 libertorum
660 2910 807 2991 quotieas·
825 2928 846 2971 o
863 2909 1009 2991 patronis
1031 2911 1246 2992 urpuercnter,
1275 2911 1310 3007 p'rr
1333 2930 1410 2976 cora.

182 3035 274 3080 mnae
295 3014 378 3079 nihil
400 3015 588 3097 derepurcrrt.

273 3119 354 3186 Cum
374 3125 483 3186 autem
506 3122 679 3204 enuntiati,
704 3122 742 3186 de
768 3143 831 3206 quo
851 3121 972 3206 agitur,
991 3124 1168 3186 extremam
1188 3125 1325 3209 quoque
1336 3148 1409 3209 par·

181 3233 249 3294 tem
275 3265 317 3274 —
341 3229 528 3313 impulere
551 3230 611 3293 vel
635 3251 795 3313 poenam
820 3251 924 3293 suam
952 3229 1222 3295 dissuadentes
1250 3267 1288 3276 —
1315 3233 1409 3296 muti-

185 3337 251 3400 lam
276 3356 346 3400 esse
370 3339 509 3420 constet,
537 3336 614 3419 quid
636 3335 698 3399 viri
722 3336 808 3401 doeti
831 3336 975 3401 iudicent
998 3336 1037 3400 de
1061 3359 1098 3400 ea
1122 3337 1325 3402 disseramus.
1365 3361 1410 3402 ac

183 3443 240 3526 qui
263 3441 395 3506 omnino
424 3441 614 3506 emendandi
637 3441 816 3525 perieulum
844 3441 989 3507 feceruut
1016 3446 1074 3507 aut
1096 3441 1315 3516 coniecerunt:
1342 3445 1409 3508 ini·

181 3571 278 3634 pune
303 3549 385 3612 fere
404 3550 463 3613 vel
486 3570 646 3632 poenam
667 3571 771 3613 suam
791 3548 1063 3614 dissuadentes
1087 3548 1144 3614 aut
1160 3549 1410 3616 voce-dissua-

183 3656 317 3722 dentes
341 3656 463 3720 reiecta
486 3656 639 3740 impune
669 3655 749 3720 fere
772 3656 832 3721 vel
860 3655 1021 3740 poenam
1046 3655 1153 3722 'suam
1177 3657 1321 3723 derisui
1344 3660 1408 3723 ha-

182 3766 317 3829 bentes
342 3766 398 3827 aut
422 3763 506 3847 quod
530 3762 665 3826 eundem
689 3764 822 3847 praebet
846 3763 991 3828 sensum:
1023 3765 1176 3847 impune
1203 3766 1263 3829 vel
1287 3765 1410 3849 poena

182 3894 258 3935 sua
273 3871 495 3955 gaudentes.
1082 3868 1085 3872 ’
1191 3939 1194 3945 ,
1279 3871 1280 3876 ’

271 3976 422 4041 Huncin
441 3977 585 4061 modum,
609 4001 673 4061 quo
696 3978 765 4040 iure
788 3977 850 4042 viri
873 3977 1013 4043 docti'et
1035 3975 1229 4042 retinuerint
1252 3983 1285 4044 et
1307 3979 1410 4044 muta-

181 4085 261 4168 rint,
290 4083 457 4168 perspieue
482 4085 676 4166 explicatum
701 4086 762 4148 est:
794 4087 908 4166 restat,
936 4087 972 4147 ut
1000 4084 1157 4170 dieamus,
1188 4107 1269 4169 quae
1297 4089 1409 4150 nostre

184 4192 227 4256 sit
246 4191 415 4256 sententia.
453 4193 549 4275 atque
569 4192 608 4255 ad
628 4191 781 4275 ineptias,
806 4191 921 4275 quibus
940 4191 1096 4275 plurimae
1115 4191 1210 4255 huius
1230 4191 1409 4257 loci-inter·

179 4299 382 4383 'pretationes
415 4298 579 4382 laborant,
612 4298 807 4364 amovendas
840 4297 1065 4381 proponimus:
1095 4298 1161 4363 ille
1195 4321 1242 4363 an
1274 4297 1409 4363 auctor

182 4403 481 4470 constitutionis
512 4404 628 4469 fieret
655 4403 852 4470 consuluit
883 4403 986 4469 inter
1017 4427 1160 4489 paucos
1191 4406 1225 4468 ei
1254 4409 1409 4470 senten-

183 4513 261 4576 tiae
289 4510 472 4575 adversos
505 4511 733 4594 quibusdam
762 4510 944 4575 coalitam
975 4511 1161 4574 libertate
1193 4509 1408 4575 irreveren-

182 4618 276 4683 tiam
299 4640 341 4682 eo
365 4617 590 4700 prorupisse
618 4618 895 4700 frementibus,
915 4621 1051 4698 utnee
1077 4617 1152 4680 iam
1181 4637 1301 4701 aequo
1326 4639 1405 4681 curn

236 4743 319 4792 ΗΜ,
334 4741 361 4781 de
375 4740 548 4789 participiorum
562 4752 611 4782 usu.
1139 4735 1195 4790 9*ss
