3330 5228
706 377 707 381 ,
792 319 882 390 Caput
899 321 932 374 ΙΙ.

830 573 902 652 §a

313 709 362 762 De
385 706 560 776 gerundia,
584 708 679 775 quod
700 721 770 763 non
792 710 863 762 tam
885 707 930 761 ed
953 707 1080 762 certam
1103 691 1275 774 quandam
1297 718 1418 762 vocem

495 813 656 884 pertinet,
680 827 784 882 quam
807 815 852 868 ad
873 815 986 869 totum
1009 811 1232 869 enuntiatum

373 966 412 1029 A.
458 965 502 1028 De
526 961 676 1046 gerardii
699 963 844 1029 ablativo
869 963 924 1046 qui
946 963 1083 1028 vocatur
1104 962 1354 1028 instrumentali.

341 1089 445 1166 Quam
470 1088 535 1152 vim
559 1091 592 1153 et
613 1091 810 1171 potestatem
834 1088 995 1153 ablativus
1024 1089 1282 1153 instrumentalis
1307 1089 1392 1172 apud
1416 1087 1476 1153 La-

250 1196 338 1261 tinos
366 1217 501 1278 praese
528 1195 612 1259 ferat
635 1195 714 1258 satis
743 1198 855 1259 notum
879 1198 929 1260 est
952 1215 1053 1278 neque
1083 1194 1190 1259 minus
1218 1199 1347 1259 constat
1378 1195 1477 1259 etiam

253 1302 293 1367 ad
324 1301 512 1386 gerundium
543 1322 615 1365 eum
647 1322 716 1364 esse
746 1301 950 1365 translatum.
991 1300 1053 1364 hoc
1082 1303 1190 1365 autem
1217 1301 1319 1366 multo
1348 1302 1477 1385 saepius

251 1409 329 1488 fieri,
344 1431 440 1493 quam
455 1430 513 1492 pro
528 1406 708 1491 praeceptis
723 1406 1009 1490 grammaticorum
1024 1407 1206 1492 vulgarium
1225 1409 1340 1490 putare
1359 1409 1478 1491 possis,

253 1537 334 1599 quac
358 1518 536 1600 sequuntur
559 1513 705 1596 exempla
729 1513 918 1578 documento
943 1516 1026 1577 sunt.

411 1650 442 1713 a)
466 1647 584 1706 Taciti:

340 1765 370 1848 I,
393 1767 435 1830 26
458 1766 580 1829 addidit
601 1765 847 1846 munificentiam
870 1763 985 1831 Caesar
1010 1768 1162 1845 quantum
1184 1765 1294 1829 damm
1317 1763 1478 1845 professus

252 1877 319 1937 erat
346 1871 533 1936 exsolvendo.
573 1869 637 1952 III,
665 1870 708 1934 60
738 1871 904 1954 imapinem
937 1871 1135 1952 antiquitatis
1165 1872 1287 1936 senatui
1313 1870 1481 1952 praebebat

247 1977 407 2061 postulato
429 1977 664 2059 prouinciarum
691 1978 734 2041 ad
758 1977 1002 2059 disquisitionem
1022 1982 1153 2059 patrum
1181 1979 1334 2042 mittendo.
1375 1974 1433 2059 IV,
1457 1978 1477 2038 2

251 2085 314 2150 eim
332 2085 545 2166 praefecturae
567 2084 718 2149 modicam
741 2089 812 2148 ante
829 2085 961 2148 interrdit
977 2084 1130 2165 dispersas
1147 2105 1205 2165 per
1222 2084 1328 2148 urbem
1345 2082 1478 2147 cohortes

251 2213 317 2256 una
339 2193 374 2255 in
397 2195 500 2255 castra
523 2193 720 2256 conducendo.
749 2190 806 2274 IV,
821 2191 863 2256 25
885 2192 1001 2255 ruendo
1023 2192 1059 2254 in
1082 2191 1142 2255 tela
1164 2192 1371 2274 captivitatem
1392 2190 1479 2254 baud

251 2298 354 2362 inulta
383 2303 480 2362 nram
508 2298 623 2381 effnpit.
661 2296 744 2382 V,6
774 2299 954 2362 memoriam
985 2299 1085 2362 nostri
1108 2347 1115 2362 .
1135 2348 1141 2361 .
1162 2344 1194 2362 ..
1219 2299 1292 2363 laeti
1320 2299 1479 2363 retineatis

252 2405 410 2469 adiciendo
437 2425 484 2468 me
512 2425 628 2486 quoque
654 2406 695 2470 iis
721 2406 776 2486 pui
802 2406 864 2487 fine
890 2407 1007 2488 eprepio
1028 2405 1156 2486 publica
1183 2406 1269 2470 mala
1298 2405 1478 2488 effiperunt.

252 2510 313 2595 VI,
336 2511 379 2576 43
402 2512 564 2576 assidendo
587 2512 744 2576 castellum
768 2561 775 2576 .
795 2560 802 2576 .
822 2561 855 2576 ..
878 2513 961 2576 dedit
985 2513 1130 2594 spatium.
1171 2511 1232 2597 VI,
1255 2512 1298 2577 45
1326 2513 1478 2577 imitando

255 2640 390 2683 amorem
408 2620 546 2684 iuuenem
564 2620 685 2684 illicere.
714 2618 756 2705 II,
771 2621 814 2684 22
837 2622 887 2686 illi
908 2621 1059 2702 supplices
1077 2620 1157 2685 rribil
1179 2601 1338 2685 abnuendo
1356 2621 1478 2684 ueniam

253 2727 392 2791 omnium
423 2746 567 2808 accepere.
613 2725 674 2808 XI,
697 2726 739 2790 38
772 2728 851 2791 iuuit
881 2727 1060 2792 obliuionem
1089 2729 1154 2792 eius
1180 2732 1304 2792 senatus
1333 2728 1478 2792 censendo

252 2852 363 2897 nomen
385 2838 414 2896 et
435 2832 550 2915 effipies
571 2835 778 2899 demoliendas.
814 2833 892 2920 XII,
916 2835 936 2898 3
959 2835 1061 2900 crebro
1083 2835 1266 2900 venditando
1283 2834 1404 2915 pellicit
1418 2855 1477 2916 pa·

253 2947 366 3005 trurcm.
402 2939 481 3023 XII,
507 2940 546 3003 19
575 2941 721 3006 bellorum
743 2943 875 3024 eprepios
901 2942 978 3024 fines
1000 2943 1137 3024 quotiens
1166 2942 1345 3025 ipnoscendo
1376 2945 1476 3006 trans-

252 3049 365 3129 ipatur.
395 3045 468 3130 XII,
491 3047 534 3110 52
557 3048 633 3111 moti
656 3043 736 3132 (soil.
760 3047 871 3111 ordine
895 3047 1071 3132 senatorio)
1095 3049 1149 3130 pai
1171 3048 1354 3112 remanmdo
1377 3049 1476 3130 impu

251 3153 387 3218 dentiam
401 3154 580 3234 peripateti
597 3154 758 3218 adicerent.
788 3151 877 3237 XIV,
891 3154 911 3218 3
924 3145 1150 3235 praesumendo
1169 3155 1304 3218 remedia
1321 3156 1479 3219 munierat

253 3280 370 3342 corpus.
400 3257 489 3343 XIV,
512 3260 555 3323 20
578 3261 732 3343 deponeret
747 3261 859 3325 studiis
877 3262 1010 3326 cateruis
1027 3263 1169 3326 iuuentus
1184 3262 1350 3344 ppmnasia
1368 3267 1397 3325 et
1414 3263 1479 3326 otia

253 3371 281 3432 et
303 3371 405 3448 turpes
427 3386 546 3431 amores
567 3368 735 3433 exercendo.
772 3366 860 3450 XIV,
884 3368 926 3433 28
950 3369 1041 3434 auait
1064 3374 1193 3450 patrum
1214 3367 1359 3432 imorem
1381 3371 1477 3433 statu-

253 3475 336 3539 endo.
391 3471 479 3557 XIV,
498 3473 541 3538 46
566 3474 812 3556 praevaricando
838 3475 987 3540 ultionem
1014 3476 1162 3540 clusuras.
1213 3474 1285 3557 XV,
1315 3476 1332 3538 1
1363 3476 1479 3539 modice

253 3583 424 3662 quamendo
439 3582 566 3664 pramor
583 3586 657 3644 erat.
688 3579 777 3665 XIII,
792 3581 835 3646 50
858 3583 1006 3664 impetum
1024 3584 1089 3648 eius
1113 3633 1119 3646 .
1139 3634 1145 3646 .
1166 3632 1199 3647 ..
1222 3583 1374 3646 attinrmre
1390 3601 1478 3647 seua·

254 3693 332 3753 tores
361 3688 589 3752 dissolutionem
616 3688 740 3769 imperii
762 3688 892 3754 docendo
915 3690 943 3753 si
968 3689 1089 3770 fructus
1111 3739 1119 3754 .
1139 3739 1146 3752 .
1165 3739 1172 3752 .
1192 3738 1199 3752 .
1222 3689 1479 3754 deminuereutur.

254 3793 348 3876 xm,
382 3794 425 3858 54
461 3793 586 3859 Drrbius
621 3795 735 3860 Auitus
907 3797 1081 3861 minitando
1117 3796 1181 3860 rim
1212 3795 1390 3860 Romanam

248 3900 388 3983 perpulit
424 3901 579 3965 Verritum
610 3908 638 3967 et
668 3902 856 3985 Maloripem
886 3925 991 3985 proces
1026 3905 1185 3986 susapere.
1231 3902 1302 3985 XV,
1335 3902 1378 3967 63
1414 3904 1478 3986 ipse

253 4007 390 4071 oiscendo
413 4009 479 4072 eius
502 4008 651 4073 tormenta
673 4009 900 4091 impatientiam
922 4009 1118 4075 delaberetur.
1150 4005 1239 4092 XVI,
1265 4008 1306 4072 10
1329 4013 1479 4091 tanquam

254 4114 389 4178 oioendo.
430 4112 502 4197 XV,
525 4114 567 4178 59
591 4115 691 4180 multa
712 4117 890 4199 experiendo
914 4117 1046 4198 confieri.
1087 4113 1180 4196 XVI,
1205 4115 1222 4178 7
1250 4135 1331 4179 noea
1353 4115 1478 4198 insuper

254 4221 375 4285 inuidia
398 4221 482 4285 Nero
510 4222 668 4305 compleuit
688 4222 876 4306 probibendo
900 4220 932 4288 0.
955 4220 1099 4287 Cassirrm
1126 4220 1226 4302 officio
1256 4221 1477 4304 exsequiarum.

254 4326 329 4392 hist.
352 4326 377 4410 I,
401 4327 444 4391 30
467 4329 651 4409 quiescendo.
683 4327 714 4412 I,
737 4329 779 4393 69
803 4329 931 4393 nuliora
953 4328 1143 4393 coustantius
1160 4327 1355 4410 postulando.
1386 4327 1412 4412 I,
1435 4329 1476 4394 87

255 4435 458 4499 criminando.
495 4434 537 4519 II,
563 4436 602 4499 11
627 4436 769 4518 elipendo.
806 4435 847 4519 II,
870 4435 913 4500 48
937 4438 1130 4501 remanendo.
1166 4432 1224 4518 III,
1250 4435 1289 4499 18
1308 4435 1478 4518 pupnando

251 4540 375 4621 fessurm.
416 4540 479 4624 III,
503 4542 546 4605 20
573 4543 661 4606 dorcas
682 4543 884 4625 providendo,
912 4543 1123 4625 consultando,
1146 4543 1335 4606 mactatione
1357 4542 1479 4623 marius

255 4667 349 4729 qvuam
379 4647 544 4711 temeritate
570 4648 719 4729 prodesse.
761 4647 889 4733 111,39
922 4649 1043 4714 addidit
1067 4649 1203 4730 facinori
1229 4648 1320 4728 fidam
1350 4647 1480 4712 amali·
