3330 5228
475 321 517 375 De
535 321 679 392 participii
696 323 796 377 natura
813 322 958 378 nominali.
1282 325 1325 390 35

108 487 226 550 nannai
248 491 330 550 rnatu
351 485 397 549 ael
415 487 597 568 apucsccnrli
613 485 740 568 pudere.
777 485 822 570 ΙΙ,
842 485 884 550 53
907 486 979 552 leina
1000 487 1167 554 admiratio
1185 493 1214 553 et
1229 489 1327 570 plura

108 594 314 676 interrcparati
340 595 443 675 perun
469 598 559 675 atque
586 594 725 658 ornniran
751 593 853 656 aninri
883 593 918 657 in
951 593 1108 659 Vitellium
1134 595 1327 662 inclinavere.

108 699 316 765 substantivis
345 700 522 785 pigritia,
553 699 809 783 impudentia,
836 698 1019 784 taedium,
1052 723 1187 786 quorum
1216 703 1328 769 eadem

107 805 187 870 ratio
211 809 272 889 est,
296 804 429 871 Tacitus
452 807 486 870 in
509 807 571 871 hac
596 809 757 871 structura
781 807 949 872 abstinuit.
987 809 1071 892 apud
1096 811 1175 874 alios
1195 810 1328 894 scripto·

108 934 156 976 res
179 912 395 978 inveniuntur.
404 909 428 996 1)

166 1089 199 1155 B.
234 1089 406 1156 Genetivus
429 1088 584 1174 dependet
607 1107 626 1155 a
649 1090 869 1166 substantivo,
894 1091 984 1156 euius
1007 1093 1095 1159 natio
1119 1093 1262 1161 verbalis

547 1196 691 1263 cauum
715 1196 884 1264 desiderat.

190 1340 295 1405 Huius
322 1341 448 1425 generis
467 1339 610 1405 Velleius
634 1342 759 1405 nullum
783 1342 963 1425 exemplum
986 1344 1132 1429 praebet,
1157 1343 1329 1411 Sallustius

106 1469 203 1510 unum
221 1447 290 1532 Iug.
310 1447 362 1530 93,
378 1448 399 1511 2
417 1449 518 1513 studia
538 1449 668 1532 lepuncti.
697 1448 803 1513 Taciti
821 1449 980 1538 ducsunt
994 1471 1067 1513 ann.
1082 1450 1139 1535 IV,
1157 1452 1196 1515 16
1216 1454 1329 1518 aruisse

109 1555 325 1634 confarreandi
343 1555 545 1620 assuetudine.
577 1556 653 1620 hist.
668 1554 724 1640 IV,
742 1556 782 1619 12
803 1555 968 1636 nacapuc
986 1558 1085 1621 naneti
1102 1559 1211 1622 studia.
1243 1559 1332 1625 locos

110 1663 228 1744 autem,
255 1661 309 1727 ubi
335 1662 539 1727 substantiva
562 1662 799 1746 praesidium
823 1664 855 1725 et
879 1664 1116 1729 consuetudo
1140 1686 1213 1729 cum
1236 1685 1330 1750 gene-

108 1768 174 1832 tivo
197 1768 342 1852 gerundii
361 1770 616 1854 coniunguntur,
639 1790 706 1833 non
728 1765 933 1834 invenimus(
958 1766 1124 1834 Ciceronis
1149 1772 1330 1856 complures

109 1877 182 1938 suut
215 1875 298 1940 sicut
326 1876 379 1940 fin.
407 1875 435 1960 Ι,
462 1876 515 1959 10,
539 1874 582 1939 35
616 1877 693 1956 arrii
714 1893 760 1939 ‘ea
791 1895 823 1940 ec
855 1879 899 1940 est
924 1876 1120 1941 cassanias?
1156 1877 1278 1942 aaran
1304 1883 1333 1943 et

108 1981 265 2046 caritatcnr
287 2003 364 2064 quac
386 1978 462 2048 sient
480 1983 560 2046 citae
587 1983 654 2047 sine
675 1987 757 2047 ructu
780 1983 929 2065 naeniae
949 1983 1112 2064 praesidia
1138 1985 1330 2066 firmissima.

108 2087 202 2152 Rosa.
222 2088 329 2153 Amet.
351 2091 383 2174 1,
403 2090 422 2154 3
447 2094 511 2153 tarn
534 2091 589 2154 etsi
611 2110 674 2154 nan
697 2090 784 2154 nacla
807 2089 983 2172 &nascendi
1005 2090 1086 2154 ratic
1109 2110 1214 2156 aaran
1237 2093 1330 2156 etiarn

108 2197 300 2278 capnosccnrti
322 2197 504 2262 canantuctc
527 2197 593 2261 iarn
615 2197 652 2262 cte
674 2198 794 2262 ciuitate
815 2195 938 2262 aaran
956 2201 1007 2262 est.

144 2391 174 2455 ὓ.
206 2390 380 2457 aenesius
403 2389 519 2474 pendet
542 2407 561 2455 a
585 2389 804 2466 substantivo,
829 2391 919 2456 cuius
941 2392 1030 2458 notio
1054 2391 1196 2458 verbalis
1220 2409 1288 2457 eum

412 2497 557 2564 ablativo
582 2515 657 2564 casu
680 2497 781 2580 vulgo
805 2499 1020 2582 coniungitur.
1091 2516 1093 2520 ’

196 2640 410 2729 Quaecunque
456 2641 496 2705 ad
533 2641 618 2706 hunc
660 2663 753 2706 usum
793 2643 956 2726 pertinent
1000 2641 1202 2707 substantiva
1244 2642 1328 2725 apud

106 2747 267 2813 Velleium
292 2750 324 2811 et
342 2747 489 2813 Tacitum
513 2748 735 2834 inveniuntur,
757 2750 882 2813 nullum
906 2749 990 2833 apud
1006 2749 1213 2836 Sallustium.
1251 2753 1328 2814 sunt

108 2857 227 2918 autem:
270 2855 409 2940 gloria,
445 2877 549 2938 usus,
581 2855 739 2939 fiducia,
773 2856 882 2920 fides.
941 2855 1025 2921 Vell.
1052 2854 1097 2940 ΙΙ,
1121 2855 1221 2938 58,3
1259 2857 1326 2921 An-

106 2962 209 3024 tonius
239 2967 397 3026 cennccatc
427 2968 535 3028 senatu
562 2964 641 3028 uelut
669 2964 759 3044 pacis
786 2967 892 3027 uuctcr
922 2961 1029 3026 liberae
1055 2983 1126 3028 suas
1154 2963 1268 3028 clades
1296 2965 1332 3028 in

106 3066 295 3149 Capitolium
321 3069 409 3133 rnisit
434 3070 582 3151 fidenque
609 3068 804 3134 incanuit
834 3073 896 3133 tnta
924 3069 1167 3149 interfectoribus
1190 3067 1333 3135 Caesaris

105 3175 194 3238 aare.
237 3173 310 3240 Tac.
334 3198 406 3240 ann.
426 3175 521 3257 ΧΙΠ,
541 3175 583 3240 39
607 3177 687 3240 unde
709 3181 780 3240 arta
802 3175 918 3258 fiducia
941 3182 1033 3260 capa
1051 3177 1151 3260 centis
1171 3175 1330 3241 Artanata

104 3281 309 3364 appretiandi.
345 3283 420 3347 hist.
444 3281 484 3368 V,
507 3284 550 3348 20
577 3305 631 3350 nec
654 3285 759 3348 crnnia
775 3283 929 3366 patrandi
951 3284 1075 3365 fiducia.

159 3477 196 3542 D.
226 3476 398 3543 Genetlvue
421 3477 538 3562 pendet
561 3497 580 3544 a
603 3457 832 3553 substantivis,
857 3477 972 3559 quibus
994 3477 1094 3542 insita
1117 3478 1277 3543 seductio

425 3585 568 3651 verbalis
591 3585 758 3669 postulans
782 3584 1011 3651 accusativum.

266 3719 297 3783 a)
320 3720 413 3789 apud
436 3720 607 3777 Tacitum:

194 3833 281 3898 Ann.
304 3834 334 3919 Ι,
358 3835 401 3899 60
434 3835 531 3918 ipitur
557 3837 665 3918 cupido
693 3833 855 3902 Caesarem
882 3836 1003 3899 inuadit
1028 3836 1162 3900 sclacnrti
1189 3857 1332 3918 suprema

101 3939 257 4004 rnilitibus
284 3939 418 4021 daciane.
455 3938 550 4024 1,77
581 3944 782 4023 spectantium
808 3942 1032 4006 inrrnedcstiunr
1059 3943 1150 4006 anilia
1177 3944 1333 4007 aniana·

95 4051 236 4127 palestra
253 4045 448 4128 aucteritas
470 4048 562 4128 fieret.
598 4047 646 4133 ΙΙ,
666 4049 708 4113 62
732 4049 840 4131 arpidc
863 4048 995 4130 anpenrti
1012 4049 1187 4129 pcarniarn.
1224 4047 1270 4134 Π,
1288 4050 1330 4146 dl

100 4174 200 4235 neqrn
220 4200 293 4216 ....
312 4152 460 4234 effupinrn
478 4154 671 4218 subveniebat
687 4156 723 4219 in
741 4159 849 4238 anaia
860 4155 1093 4241 prerrrnrpcncli.
1128 4153 1170 4239 ΙΙ,
1189 4154 1233 4219 54
1251 4157 1333 4236 cupi·

100 4261 175 4324 dinc
192 4263 302 4324 autern
321 4259 399 4324 lacos
417 4270 443 4324 et
458 4260 549 4340 sarna
567 4260 727 4326 calcantes
745 4263 896 4326 nascendi.
928 4261 992 4347 ΙΙΙ,
1011 4263 1052 4326 27
1076 4250 1333 4343 licentia'puaqno

99 4367 215 4431 uellent
232 4367 381 4448 punctura
404 4368 552 4450 apitanati.
590 4367 655 4452 ΠΙ,
680 4369 722 4432 46
746 4373 949 4451 praesumpta
970 4389 1037 4452 spes
1058 4367 1203 4432 natandi
1225 4387 1333 4433 causas

177 4577 206 4646 1)
225 4575 267 4631 ef.
282 4575 368 4645 Witt,
387 4577 457 4631 tiber
476 4577 531 4631 den
548 4578 663 4647 genetiv
682 4579 731 4633 des
750 4577 930 4646 gerundiums
948 4579 1005 4633 und
1023 4577 1222 4648 gerundivums
1240 4579 1270 4632 in
1284 4581 1334 4634 der

98 4663 292 4719 lateinischen
311 4666 428 4735 spraehe
448 4665 635 4735 (Gumbinnen
656 4669 735 4736 1874)
754 4667 775 4736 Ι,
795 4685 822 4737 p.
841 4674 865 4721 2.

1084 4773 1121 4828 3*
