3330 5228
612 633 900 736 conspectus.

145 969 354 1026 Praemittenda
398 1015 1295 1031 ..........................
1322 917 1374 1030 8⁸⁸1·

145 1057 210 1128 Cap.
230 1059 250 1115 I.
288 1061 333 1114 De
353 1061 628 1130 significatione
646 1045 926 1133 participiorum¹
934 1105 1153 1117 .......
1180 1082 1188 1117 ·.
1218 1107 1224 1118 .
1255 1107 1260 1118 ,
1290 1108 1296 1118 .
1356 1071 1372 1118 3

179 1155 237 1212 §1-
276 1149 427 1205 Generalis
446 1151 584 1220 quaedam
611 1194 1295 1209 ....................
1356 1159 1371 1206 3

179 1242 237 1302 62.
274 1240 310 1295 A.
338 1239 380 1294 De
398 1240 547 1310 participio
566 1241 721 1312 praesentis
740 1243 769 1295 et
786 1239 877 1294 futuri
895 1239 983 1294 activi
1006 1283 1295 1295 .........
1356 1247 1374 1294 4

272 1329 307 1384 Β.
336 1328 378 1384 De
396 1329 546 1400 participio
565 1328 725 1400 imperfecti
743 1329 819 1399 quod
838 1328 942 1383 dicitur
961 1327 997 1382 de
1016 1332 1118 1382 conatu
1148 1373 1295 1384 .....
1355 1335 1373 1382 4

178 1421 236 1480 53.
274 1417 315 1471 De
334 1417 484 1488 participio
502 1417 623 1488 perfecti
640 1417 745 1488 passivi
788 1460 1294 1474 ...............
1355 1425 1371 1473 6

274 1507 309 1558 Α.
337 1506 379 1559 De
403 1506 553 1578 participio
577 1507 697 1577 perfecti
730 1508 805 1576 quod
833 1506 863 1560 in
890 1505 1005 1583 modum
1034 1506 1176 1575 participii
1202 1507 1301 1561 aoristi

340 1593 464 1651 Graecae
483 1595 597 1668 linguae
617 1596 715 1650 dicunt
733 1593 864 1664 usurpari
897 1638 1294 1651 ............
1355 1605 1371 1652 6

384 1685 405 1738 Ι.
425 1685 466 1739 De
484 1685 635 1755 participio
654 1683 775 1754 perfecti
793 1683 942 1758 verborum
961 1683 1159 1752 deponentium
1182 1729 1187 1738 .
1218 1729 1223 1740 .
1254 1729 1259 1739 .
1290 1729 1296 1740 .
1356 1693 1372 1740 6

369 1773 402 1830 ΙΙ.
423 1772 465 1828 De
483 1773 634 1844 participio
653 1772 773 1844 perfecti
792 1772 898 1843 passivi
932 1815 1293 1830 ...........
1339 1781 1371 1828 16

264 1862 268 1869 “
355 1861 402 1916 III.
422 1864 463 1917 De
482 1864 607 1919 ablativo
626 1864 757 1918 absoluto
776 1861 919 1934 participii
937 1861 1056 1932 perfecti
1074 1863 1180 1930 passivi
1217 1907 1222 1917 .
1253 1907 1258 1918 .
1290 1908 1295 1918 .
1338 1871 1371 1918 10

275 1950 311 2002 B.
324 2008 326 2012 ,
339 1952 381 2005 De
403 1952 438 2006 iis
461 1952 618 2022 participiis
637 1951 755 2024 perfecti
776 1950 913 2022 temporis
937 1951 1084 2006 verborum
1102 1951 1203 2020 depon.
1227 1968 1299 2018 quae

337 2041 476 2109 passivam
494 2042 553 2096 vim
571 2042 677 2097 habent
713 2083 1289 2097 .................
1334 2049 1366 2097 17

176 2130 234 2191 §4
271 2127 313 2181 De
331 2129 482 2199 participio
500 2131 589 2185 futuri
606 2129 712 2201 passivi
731 2130 906 2200 (gerundivo)
928 2173 1292 2185 ...........
1337 2137 1369 2185 18

141 2211 207 2283 Cap.
225 2213 260 2269 11.
297 2215 343 2269 De
362 2215 632 2287 participiorum
651 2216 961 2272 nuturauomiuali
999 2261 1291 2275 .........
1335 2227 1368 2275 13

177 2307 237 2366 66.
275 2303 316 2358 De
335 2305 493 2376 participiis
513 2306 718 2362 adiectivorum
736 2307 825 2362 instar
843 2307 985 2376 usurpatis
1000 2349 1291 2364 .........
1337 2316 1369 2364 19

177 2396 192 2456 ξ
211 2397 235 2445 6.
271 2392 312 2446 De
331 2393 488 2464 participiis
506 2413 578 2464 quae
597 2396 838 2451 substantivorum
855 2395 944 2449 instar
961 2397 1131 2464 usurpantur
1142 2439 1290 2452 .....
1333 2406 1366 2453 21

276 2482 311 2534 A.
339 2481 381 2536 Dc
400 2483 550 2554 participio
568 2483 724 2555 praesentis
749 2526 1290 2542 ................
1333 2494 1366 2541 21

272 2569 307 2623 B.
335 2568 377 2624 De
395 2571 548 2642 participio
563 2573 681 2643 perfecti
699 2589 773 2644 pass.
792 2591 843 2644 pro
859 2573 1035 2628 substantivo
1054 2573 1164 2628 verbali
1182 2573 1291 2643 posito.
1334 2581 1367 2630 30

280 2657 307 2712 0.
336 2659 377 2713 De
395 2659 545 2730 participio
563 2662 651 2716 futuri
669 2662 756 2718 activi
774 2664 804 2717 et
821 2662 928 2733 passivi
945 2662 1056 2732 generis
1071 2707 1291 2719 .......
1334 2670 1368 2718 32

176 2750 234 2809 67,
271 2746 311 2799 De
329 2747 466 2816 gerundio
486 2766 550 2802 cum
567 2749 823 2821 praepositionibus
843 2750 993 2806 coniuncto
999 2795 1291 2809 .........
1333 2759 1368 2807 32

176 2838 191 2897 5
210 2838 235 2889 8.
272 2834 313 2887 De
332 2836 468 2903 gerundio
487 2839 562 2906 quod
581 2841 721 2910 dependet
739 2841 774 2895 de
791 2835 951 2894 nominibus
958 2867 968 2908 ,¹
984 2840 1147 2911 adiectivis‚
1165 2841 1259 2896 verbis
1283 2885 1289 2897 .
1332 2848 1366 2895 34

379 2927 399 2979 Ι.
427 2927 468 2980 De
488 2928 618 2996 genetivo
636 2929 685 2998 qui
703 2929 809 3000 pendet
827 2946 844 2984 a
863 2929 1045 2985 substantivis
1071 2973 1288 2987 .......
1330 2937 1365 2985 34

350 3013 479 3084 (Singula
497 3033 600 3086 genera
618 3017 744 3073 invenies
764 3018 814 3072 sub
833 3017 871 3086 A,
890 3015 926 3086 B,
947 3016 980 3084 O,
999 3019 1038 3086 Ι),
1057 3019 1094 3087 Ε,
1113 3020 1154 3088 F.)

366 3103 399 3160 ΙΙ.
428 3105 469 3158 De
488 3105 619 3176 genetivo
639 3107 687 3176 qui
706 3108 847 3177 dependet
865 3107 900 3159 de
919 3105 1067 3161 adiectivis
1105 3150 1290 3164 ......
1331 3115 1366 3162 46

352 3192 400 3249 ΙΙΙ.
428 3194 469 3248 De
484 3196 614 3264 genetivo
625 3197 674 3266 qni
683 3197 814 3267 pendete
828 3195 985 3266 participiis
995 3195 1149 3265 praesentis
1161 3196 1295 3266 temporis
1331 3204 1364 3251 41

353 3281 398 3336 IV.
426 3283 468 3337 De
486 3284 618 3352 genetivo
638 3283 687 3352 qui
704 3284 845 3354 dependet
863 3284 898 3338 de
917 3284 1003 3339 verbo
1034 3328 1290 3340 ........
1332 3292 1366 3339 42

176 3372 234 3432 §a
272 3369 313 3423 De
332 3371 469 3440 gerundio
493 3374 568 3441 quod
591 3374 725 3428 nontam
744 3374 780 3428 ad
804 3375 908 3428 certam
928 3373 1069 3442 quandam
1092 3389 1295 3441 vocemquam

283 3461 318 3514 ad
335 3463 428 3516 totum
447 3462 622 3517 enuntiatum
641 3463 766 3533 pertinet
784 3503 1288 3519 ...............
1329 3468 1366 3516 44

282 3549 316 3603 Α.
345 3550 387 3604 De
406 3551 535 3622 gerundii
553 3551 679 3606 ablativo
698 3552 907 3607 instrumentali
926 3593 1288 3607 ...........
1330 3557 1365 3604 44

277 3636 313 3690 Β.
342 3639 383 3691 De
401 3637 531 3709 gerundii
550 3638 674 3694 ablativo
693 3639 798 3694 modali
819 3681 1289 3695 ..............
1331 3647 1366 3694 46

141 3721 273 3778 eam.
310 3725 357 3781 De
376 3727 642 3798 participiorum
659 3745 720 3782 usu
738 3726 948 3782 attributivo
960 3769 1285 3783 ..........
1327 3734 1362 3784 48

175 3817 189 3876 6
210 3819 250 3868 10.
283 3814 324 3868 De
336 3815 491 3887 participiis
501 3834 564 3871 cum
574 3816 756 3872 substantivis
765 3834 816 3886 pro
827 3814 1011 3870 substantivis
1021 3814 1182 3869 verbalibus
1192 3815 1293 3884 positis
1329 3822 1364 3872 48

176 3908 252 3966 §ll-
287 3904 328 3957 De
347 3904 479 3974 genetivo
499 3948 1218 3963 ,,,,,,,,,,,,,,,,,,,,,
1237 3949 1254 3965 ,,
1283 3950 1289 3962 ,
1332 3911 1366 3960 55

330 3995 351 4048 Ι.
379 3994 421 4047 De
440 3996 571 4064 genetivo
590 3995 639 4064 qni
657 3997 762 4065 pendet
780 4012 797 4049 a
815 3995 998 4049 substantivis
1032 4037 1286 4050 ........
1329 4003 1364 4050 66

317 4083 350 4138 II.
379 4083 420 4138 De
439 4083 570 4153 genetivo
589 4085 638 4155 qui
655 4084 761 4155 pendet
779 4085 815 4138 ab
833 4082 981 4139 adiectivis
997 4125 1287 4138 .........
1330 4089 1364 4138 61

302 4171 349 4225 111.
380 4173 421 4227 De
440 4173 572 4243 genetivo
591 4173 640 4242 qni
658 4174 764 4244 pendet
782 4191 800 4228 a
818 4173 903 4228 verbo
924 4214 1286 4228 ...........
1329 4177 1363 4225 68

175 4262 190 4322 i
211 4265 250 4312 12.
283 4258 325 4314 De
345 4259 441 4315 dativo
461 4303 1286 4318 ,,,,,,,,,,,,,,,,,,,,,,,,
1329 4265 1363 4313 58

329 4349 349 4403 Ι,
379 4347 420 4403 De
440 4349 536 4405 dativo
555 4350 603 4418 qui
622 4350 763 4421 dependet
782 4350 816 4403 de
834 4349 922 4403 verbo
960 4391 1286 4404 ..........
1328 4353 1363 4402 69

433 4437 562 4508 (Singula
580 4456 685 4510 genera
703 4438 830 4494 invenies
849 4438 899 4493 sub
918 4437 955 4504 A,
975 4437 1010 4504 Β,
1030 4437 1070 4506 C.)

316 4526 353 4579 II:
379 4527 420 4580 De
440 4527 536 4582 dativo
555 4527 603 4596 qui
620 4528 726 4597 pendet
744 4527 779 4580 ab
800 4525 941 4580 adiectivo
961 4567 1286 4582 ..........
1328 4534 1362 4583 62

307 4615 354 4669 ΙΙΙ.
382 4616 425 4671 De
444 4615 540 4671 dativo
559 4617 742 4671 antecedente
761 4616 934 4670 substantivo
961 4657 1286 4672 ..........
1328 4623 1362 4672 66

175 4709 252 4770 513.
289 4704 331 4760 De
351 4705 510 4761 accusativo
530 4746 1284 4760 ......................
1327 4712 1361 4760 67
