3330 5228
457 272 499 326 De
518 272 730 343 participiorum
749 291 800 328 usu
819 267 992 327 attributivo.
1297 274 1341 338 55

109 443 140 502 et
153 437 270 502 indicio
279 437 432 518 patefacto
447 456 483 501 ca
490 437 632 518 persnpis
645 437 789 520 ccpnomt.
819 437 870 519 77,
888 437 904 500 1
914 438 1036 518 parite
1050 457 1119 501 cirin
1132 441 1223 520 capta
1238 437 1341 502 Ttata

110 545 209 627 lepati
227 594 233 607 .
252 593 260 609 .
279 594 286 607 .
305 592 313 607 .
331 547 483 607 cernant.
522 543 573 624 79,
591 545 609 607 l
634 543 669 608 ob
686 563 752 608 rens
769 547 945 624 corruptam
963 544 1046 608 domi
1058 553 1176 626 paenas
1194 549 1341 610 rnetnnnt.

109 649 241 714 Ex'his
265 650 420 732 exemplis
444 650 482 713 de
506 648 666 714 industria
689 648 896 713 exhibeamus
920 648 1025 714 locum
1051 648 1126 714 Sall.
1150 650 1221 736 lug.
1246 651 1340 734 79st

111 779 181 820 non
201 757 433 840 congruentem
452 777 525 820 cum
542 755 716 821 Luebberti
735 755 901 840 opinione,
921 755 1095 820 secundum
1115 779 1211 840 quam
1229 757 1341 822 Livius

112 863 331 927 vetustiorum
351 863 544 946 scriptorum
563 862 827 927 consuetudinem
848 865 1039 945 aspernatus
1059 863 1181 945 primus
1203 885 1339 947 praepo·

113 969 233 1033 sitione
257 970 304 1034 ob
327 969 362 1032 in
384 969 444 1034 hac
468 972 631 1034 structura
654 991 730 1033 usus
755 971 812 1032 est.

205 1073 346 1160 Singulis
369 1076 462 1140 huius
487 1075 603 1159 capitis
626 1075 773 1160 partibus
798 1075 964 1159 perpensis
992 1075 1062 1139 iure
1086 1075 1226 1160 mireris,
1254 1075 1339 1159 quod

113 1204 187 1246 cum
212 1181 278 1245 fere
301 1182 411 1246 omnia
430 1203 548 1267 genera
566 1186 746 1248 structurae
766 1183 804 1247 de
824 1205 888 1268 qua
911 1182 1069 1266 agebatur
1087 1182 1121 1246 in
1141 1183 1214 1246 aliis
1234 1181 1339 1246 Taciti

113 1287 243 1371 scriptis
266 1287 524 1372 frequentissime
547 1289 766 1373 inveniantur,
794 1289 835 1353 ab
865 1288 937 1353 aliis
966 1310 1097 1371 prorsus
1126 1289 1231 1352 aliena
1255 1293 1339 1353 sunt.

114 1396 243 1456 exstant
266 1393 352 1457 enim
375 1418 442 1460 non
464 1395 559 1461 modo
589 1395 624 1459 in
646 1395 783 1460 historia
806 1394 943 1460 Latinae
966 1395 1095 1479 linguae
1118 1417 1177 1478 per
1201 1418 1234 1459 se
1258 1396 1338 1459 mul-

112 1503 166 1563 tae
185 1499 356 1585 variaeque
375 1502 588 1587 mutationes,
607 1502 663 1566 sed
682 1502 780 1566 etiam
800 1501 972 1585 scriptores
990 1522 1049 1584 pro
1069 1501 1214 1584 ipsorum
1234 1505 1338 1567 aetate

114 1610 148 1669 et
171 1605 297 1671 dicendi
316 1607 461 1692 consilio,
485 1630 544 1692 pro
564 1609 652 1673 varia
670 1609 781 1674 indole
799 1611 832 1672 et
850 1608 1006 1672 crescenti
1026 1607 1161 1672 scientia
1179 1630 1245 1672 non
1265 1631 1337 1673 raro

114 1711 274 1777 scribendi
301 1733 403 1798 genus
430 1714 559 1780 variant
591 1717 688 1799 atque
716 1715 881 1798 excolunt,
915 1714 999 1798 quod
1030 1714 1219 1779 confidimus
1253 1716 1338 1798 apud

113 1819 237 1882 nullum
261 1820 359 1884 alium
388 1822 576 1906 scriptorem
604 1821 734 1907 melius,
762 1842 857 1904 quam
889 1821 976 1904 apud
998 1819 1145 1884 Tacitum
1174 1821 1339 1886 observari

112 1947 217 2008 posse.
254 1948 361 1991 nonne
381 1927 467 1992 enim
487 1949 559 1992 cum
578 1926 702 1991 dicendi
725 1947 841 2012 genus,
870 1927 963 2012 quale
987 1925 1021 1991 in
1041 1927 1169 2010 dialogo
1194 1931 1337 2011 apparet,

113 2032 258 2114 proxime
287 2034 328 2098 ad
355 2032 518 2099 Ciceronis
547 2033 691 2116 accedat,
718 2033 751 2096 in
780 2033 894 2098 ceteris
924 2032 1051 2116 scriptis
1080 2036 1235 2116 tanquam
1266 2055 1338 2098 cum

116 2139 250 2222 singulis
275 2139 379 2204 Taciti
404 2140 519 2204 aetatis
544 2140 695 2224 gradibus
718 2140 840 2224 pariter
864 2162 896 2203 se
916 2138 1064 2204 excolens
1089 2161 1160 2202 cam
1184 2140 1338 2204 narrandi

115 2248 148 2308 et
180 2244 381 2310 describendi
413 2250 516 2311 artem
550 2248 716 2310 assecutus
749 2248 811 2329 est,
844 2266 908 2330 qua
940 2245 1210 2328 praestantiorem
1243 2268 1336 2310 nemo

115 2349 304 2416 Latinorum
328 2351 531 2436 procreavit?

203 2457 292 2534 Quae
320 2459 415 2524 modo
443 2459 664 2544 congessimus
694 2458 840 2542 exempla
866 2456 1035 2542 participia
1065 2461 1158 2521 erant
1184 2466 1337 2536 perfecti,

115 2563 169 2628 sed
189 2564 318 2629 exhibet
337 2565 473 2629 similem
499 2587 591 2628 usum
611 2566 708 2628 etiam
732 2563 937 2648 participium
956 2571 1152 2641 praesentis.
1190 2564 1337 2629 omnibus

115 2674 221 2734 autem
240 2694 321 2756 quae
346 2675 522 2758 sequuntur
545 2672 761 2736 locutionibus
782 2670 882 2736 cuivis
907 2672 1041 2755 apparet
1064 2674 1186 2753 quanta
1209 2670 1286 2734 insit
1306 2674 1338 2735 ct

115 2777 248 2842 audacia
271 2783 303 2843 et
326 2779 483 2864 gravitas,
512 2778 606 2842 sicut:
644 2778 718 2843 Tac.
743 2801 814 2842 ann.
837 2775 948 2854 11‚35
971 2780 1149 2849 conventam
1172 2776 1288 2842 Italiae
1310 2784 1340 2842 et

114 2883 272 2964 affluentis
289 2885 468 2966 prouincias
485 2885 680 2966 praesentiae
697 2886 762 2948 eins
784 2884 935 2973 cernenda
957 2882 1080 2946 dicebat.
1118 2881 1174 2966 IV,
1192 2883 1231 2945 12
1255 2885 1337 2964 qnod

108 2989 299 3070 principiani
328 2990 448 3071 favoris
475 2994 504 3054 et
529 2994 627 3053 mater
653 2988 797 3072 Aprippa
825 3009 908 3070 spera
940 2988 1020 3052 rnale
1048 2993 1146 3070 tepens
1167 2990 1337 3070 perniciem

114 3095 319 3160 acceleravere.
368 3094 425 3180 IV,
444 3096 488 3160 34
514 3097 549 3160 id
569 3095 770 3178 perniciabile
795 3115 846 3158 reo
874 3099 903 3158 et
929 3092 1044 3160 Caesar
1067 3096 1147 3159 traci
1173 3095 1260 3160 enttn
1287 3097 1335 3160 de-

111 3203 279 3283 fensionen
305 3203 463 3284 arabicus.
514 3202 588 3266 hist.
611 3201 724 3286 11,24
756 3202 908 3285 anpebant
939 3200 1103 3267 Caecinam
1135 3203 1337 3285 neqaicqnani

115 3309 219 3374 onnia
242 3313 343 3391 coepta
361 3313 390 3374 et
406 3329 557 3375 senescens
575 3310 721 3374 meritiis
738 3310 789 3373 sai
804 3309 903 3388 forna.
931 3309 973 3373 ib.
991 3310 1137 3373 orientem
1154 3310 1268 3374 sotera.
1285 3359 1291 3372 .
1307 3359 1336 3373 ..

114 3416 289 3481 salutavere.
331 3415 377 3498 II,
396 3417 439 3480 49
468 3416 549 3480 nibil
575 3417 786 3480 adventantem
810 3416 996 3479 Mucianam
1023 3417 1143 3480 ceritas.
1188 3437 1260 3478 ann.
1281 3413 1337 3498 IV,

118 3524 155 3586 17
184 3543 277 3604 nepae
299 3522 388 3587 alind
406 3523 560 3602 ptisoentis
586 3522 755 3587 discordiae
780 3523 954 3586 remedium.
991 3521 1065 3584 dial.
1089 3523 1108 3585 8
1136 3541 1194 3602 qao
1217 3504 1334 3585 notabi-

115 3629 173 3694 lior
189 3634 357 3712 panpertas
380 3635 409 3695 et
429 3632 590 3714 anprrstiae
612 3650 717 3694 reruni
739 3634 893 3694 nascentes
915 3650 963 3694 eos
986 3629 1252 3694 circumsteterant.

605 3881 610 3888 ’
675 3900 695 3978 s
720 3898 770 3961 11.

604 4033 653 4086 De
677 4029 842 4099 genetivo.

206 4162 251 4228 Ut
270 4163 434 4247 quodlibet
453 4164 645 4229 adiectivum
666 4163 705 4227 ad
724 4164 909 4248 genetivum
934 4163 1127 4228 substantivi
1147 4162 1335 4226 attributive

119 4270 189 4333 addi
217 4273 338 4354 potest,
371 4271 418 4334 ita
445 4271 544 4336 ctiam
576 4270 741 4360 quodlibet
767 4271 982 4355 participium.
1027 4270 1074 4334 rei
1104 4267 1335 4333 usitatissimae

118 4377 260 4460 exempla
288 4377 474 4461 conquirere
501 4377 582 4442 nihil
610 4378 727 4442 attinet
751 4378 892 4460 exceptis
921 4377 1115 4462 gerendivis.
1158 4397 1233 4438 nam
1262 4395 1335 4436 cunr

120 4506 215 4566 supra
233 4482 405 4548 viderimus
425 4507 444 4548 a
463 4484 664 4550 substantivo
685 4487 716 4548 et
735 4485 924 4568 gerundium
944 4507 1015 4548 cum
1033 4483 1214 4547 accusativo
1233 4481 1334 4544 nomi-

117 4591 164 4654 nis
188 4593 220 4655 et
249 4591 487 4701 substantivum
510 4612 582 4655 cum
607 4591 781 4678 gerundivo
813 4591 1003 4658 attributivo
1032 4589 1209 4677 dependere
1238 4609 1333 4675 posse
