3330 5228
517 287 558 340 De
577 245 782 357 significatione
801 286 1023 357 participiorum.
1110 285 1114 290 ’
1334 290 1372 350 11
1469 321 1478 337 .

147 449 276 534 utquid
301 450 372 534 quis
402 451 514 515 fecerit
542 450 702 535 designet,
726 455 901 535 antequam
930 451 970 514 ad
998 452 1165 536 negotium
1193 451 1372 536 principale

148 556 383 641 exsequendum
408 579 442 620 se
464 557 606 622 verterit.
648 560 745 641 atque
768 556 910 643 logicum
934 557 1018 640 quod
1047 556 1166 622 dicitur
1188 557 1368 622 subiectum

147 665 179 728 in
202 665 302 729 verbo
326 662 421 727 finito
445 663 538 729 inest.

236 771 332 855 Apud
352 768 540 835 Ciceronem
565 775 597 836 et
616 769 788 836 Caesarem
811 771 864 836 hic
887 793 964 835 usus
989 769 1230 856 angustissimis
1253 771 1370 834 finibus

148 877 407 961 circumscriptus
428 881 485 941 est.
516 876 628 944 Livius
644 882 676 942 et
691 877 863 944 Sallustius
878 900 950 942 eum
970 879 1049 962 pari,
1070 878 1126 941 sed
1141 900 1241 961 parvo
1256 877 1373 959 studio,

147 983 293 1048 Velleius
317 983 439 1048 maiore
463 1006 522 1068 pro
547 985 761 1068 amplitudine
786 985 979 1068 scriptorum
1004 984 1146 1068 amplexi
1170 988 1260 1068 sunt,
1289 1006 1373 1049 surn-

149 1113 235 1155 mam
259 1090 396 1174 denique
415 1091 636 1174 exemplorum
655 1090 888 1155 abundantiam
912 1090 1092 1155 invenimus
1113 1089 1197 1173 apud
1217 1091 1374 1155 Tacitum.

150 1199 247 1262 etiam
270 1197 332 1262 hoc
355 1219 538 1282 monemus,
562 1199 647 1282 quod
667 1198 839 1262 discrimen
862 1199 947 1261 inter
969 1198 1094 1282 priores
1118 1201 1151 1261 et
1177 1197 1371 1279 posteriores

149 1304 321 1388 scriptores
348 1303 488 1387 perbene
517 1304 683 1389 designet:
711 1304 739 1368 si
763 1302 882 1368 Caesar
905 1304 956 1368 vel
981 1303 1091 1368 Livius
1115 1303 1167 1368 vel
1195 1303 1251 1367 alii
1282 1303 1373 1366 illam

150 1415 346 1475 structuram
369 1411 588 1494 compluribus
609 1410 687 1475 locis
706 1410 889 1494 adhibeant,
907 1410 1016 1476 nescio
1031 1433 1073 1475 an
1096 1410 1129 1475 id
1148 1431 1225 1475 casu
1248 1409 1372 1473 factum

148 1519 204 1601 sit,
233 1520 267 1582 at
295 1517 516 1582 Tacitinorum
544 1539 582 1581 ex
612 1538 790 1602 permagna
817 1517 1038 1600 exemplorum
1068 1516 1251 1600 frequentia
1280 1519 1373 1598 patet

148 1624 338 1708 scriptorem
367 1623 430 1688 sibi
459 1624 623 1689 conscium
650 1623 764 1708 fuisse,
789 1627 946 1708 quantum
979 1623 1060 1687 illud
1082 1623 1204 1687 idioma
1227 1622 1374 1686 conferat

148 1731 187 1796 ad
211 1729 365 1794 orationis
390 1730 586 1796 brevitatem
610 1729 820 1814 efficiendam,
853 1730 962 1814 itaque
987 1729 1025 1794 de
1058 1729 1217 1794 industria
1254 1731 1374 1793 certam

149 1837 310 1923 quandam
341 1838 405 1902 vim
435 1838 464 1901 ei
494 1837 657 1903 tribuisse.
701 1859 782 1922 quae
810 1835 992 1922 Draeger¹)
1025 1835 1166 1919 disserit,
1199 1857 1266 1898 non
1299 1838 1376 1919 apta

151 1949 226 2011 sunt
254 1943 294 2008 ad
324 1943 428 2008 lucem
456 1943 531 2008 huic
558 1945 631 2008 usui
659 1944 872 2028 inferendam,
899 1967 975 2008 nam
1004 1943 1094 2008 varia
1124 1941 1375 2007 confunduntur.

237 2051 406 2115 Praeterea
429 2072 502 2115 cum
531 2051 665 2115 ablativi
689 2051 829 2116 absoluti
852 2073 912 2115 usu
939 2051 999 2114 illo
1028 2054 1194 2133 comparat
1216 2046 1375 2133 Draeger:

150 2162 229 2225 lust.
251 2155 322 2244 l,l
357 2157 480 2222 caeam
509 2160 612 2224 relicto
644 2161 814 2242 impubere,
827 2159 927 2224 adhuc
959 2159 1025 2240 filio
1060 2177 1255 2240 quamquam
1291 2156 1374 2219 ratio
1501 2157 1504 2164 '
1630 2139 1631 2156 ¹

147 2291 278 2352 prorsus
302 2271 367 2335 alia
391 2274 449 2335 est.
486 2266 566 2334 illud
590 2267 676 2330 enim
705 2266 925 2348 relinquere
949 2264 1080 2328 filium
1109 2267 1249 2326 nonest
1279 2263 1374 2346 actio,

147 2395 228 2458 quae
252 2377 414 2443 antecedit
442 2379 593 2458 mortem,
623 2373 678 2438 sed
706 2373 778 2456 ipsa
807 2376 911 2436 morte
940 2370 1072 2454 accidit,
1099 2371 1147 2434 ita
1169 2373 1218 2454 ut,
1247 2369 1274 2432 si
1297 2369 1376 2452 legi-

147 2481 259 2546 timam
279 2483 365 2547 viam
384 2482 588 2568 ingrediaris,
612 2479 780 2568 dicendum
807 2479 863 2542 sit:
892 2477 1030 2544 decessit
1052 2476 1237 2559 relinquens
1263 2476 1375 2540 filium.

147 2611 249 2672 neque
282 2590 375 2654 aliter
403 2591 542 2674 explices
571 2587 637 2654 Oic.
665 2586 706 2651 ad
735 2587 802 2650 Aru.
825 2584 903 2663 VH,
927 2585 982 2664 21,
1011 2585 1032 2648 2
1059 2589 1095 2648 ut
1123 2584 1229 2647 statim
1256 2584 1376 2647 exireat

147 2696 219 2760 urbe
241 2698 355 2761 relicta.
388 2696 455 2762 Liv.
480 2696 505 2780 l,
530 2696 573 2760 34
596 2695 729 2759 moritur
751 2713 847 2756 rixare
866 2691 999 2774 macida
1020 2692 1136 2756 relicta.
1166 2689 1250 2754 Vell.
1270 2689 1312 2772 Il,
1332 2689 1374 2754 59

147 2803 221 2866 obiit
242 2808 432 2884 praetextato
460 2803 562 2867 relicto
590 2803 664 2884 filio.
706 2799 818 2864 talium
848 2798 992 2861 locorum
1020 2818 1153 2880 prorsus
1178 2797 1275 2860 aliam
1304 2817 1376 2860 esse

147 2911 306 2974 rationem
336 2933 432 2994 quam
462 2906 550 2973 Ourt.
574 2906 634 2985 IV,
661 2909 693 2982 1,
719 2906 759 2969 10
790 2925 876 2968 marc
909 2904 1029 2967 traiecit
1056 2903 1143 2967 illata
1172 2903 1375 2969 Macedoniae

145 3017 218 3081 tello
245 3015 453 3080 manifestum
472 3019 535 3096 est,
563 3035 644 3100 quae
668 3013 775 3077 omnia
794 3010 942 3095 exempla
960 3007 1106 3094 Draeger
1126 3009 1219 3094 quasi
1244 3010 1371 3074 nullum

147 3123 326 3188 intercedat
349 3123 523 3187 discrimen
546 3119 708 3186 tractavit.

235 3246 288 3312 Ad
311 3269 418 3312 veram
442 3246 529 3311 illius
554 3267 630 3310 usus
655 3243 795 3327 speciem
818 3242 994 3325 pertinent:

305 3362 336 3426 a)
359 3361 464 3430 Apud
486 3361 656 3418 Tacitum:

237 3462 320 3524 Anu.
340 3459 382 3542 ll,
404 3460 448 3523 lu
471 3459 555 3525 Deiu
577 3459 724 3542 speculati
745 3461 859 3521 uoctau
882 3457 1100 3520 incustoditam
1119 3460 1240 3537 accepta
1264 3457 1374 3518 idouea

147 3591 245 3634 mauu
267 3570 403 3633 adratum
425 3567 527 3631 ciarisu
550 3588 601 3631 ore
620 3569 655 3630 iu
669 3565 831 3629 Palatium
851 3568 978 3626 tradere.
1010 3561 1108 3644 11‚59
1131 3562 1272 3626 Tiberius
1291 3561 1374 3625 uultu

146 3667 310 3749 habituque
336 3672 401 3736 eius
429 3673 545 3738 laribus
571 3673 669 3738 uerbis
689 3670 851 3753 perstricto
883 3669 1031 3733 acerrime
1068 3670 1227 3751 iucrepmit.
1246 3668 1309 3752 ll,
1334 3669 1374 3733 78

147 3780 252 3839 armat
274 3776 356 3843 iiras
379 3781 568 3861 traiectisque
590 3781 625 3843 iu
647 3780 848 3844 corrtiucutem
866 3775 996 3841 uauibus
1014 3777 1160 3841 uexillum
1183 3777 1320 3841 tirouum
1341 3777 1374 3840 iu

148 3880 277 3947 Suriam
307 3887 446 3950 cautium
473 3887 635 3967 interrupit.
676 3884 722 3962 ΙΙ,
746 3884 789 3948 80
817 3883 966 3947 adruiatis
992 3883 1194 3948 desertoribus
1221 3887 1249 3946 et
1276 3884 1373 3947 tiroue

148 4009 246 4070 uesper
268 3991 430 4074 interceptu
449 3994 571 4074 suisque
594 3997 623 4056 et
639 3990 813 4055 Plauciuae
831 3990 963 4054 seruitiis
985 3991 1108 4054 auultu
1131 3987 1262 4054 Cilicum
1285 4039 1318 4054 ..
1339 4039 1373 4054 ..

147 4116 345 4178 composuere.
368 4098 428 4181 ΙΙΙ,
452 4100 471 4164 8
495 4093 569 4163 Piso
587 4097 759 4180 praernisso
782 4097 817 4160 iu
839 4096 944 4160 urbem
966 4096 1033 4177 filio
1056 4097 1195 4177 datisque
1217 4097 1376 4161 mandatis

141 4224 201 4284 per
228 4225 306 4285 quae
329 4206 503 4287 priuapem
530 4205 662 4270 molliret
691 4204 734 4268 ad
754 4201 898 4267 Drusum
915 4204 1026 4286 perpit.
1067 4202 1174 4286 111,9
1198 4202 1375 4268 PisaDai-

147 4311 260 4375 matico
282 4312 366 4376 mari
386 4314 565 4378 trausmisso
584 4311 754 4392 relictisque
771 4310 856 4390 apud
869 4309 1032 4374 Aucouam
1054 4309 1184 4374 raudus
1207 4359 1215 4374 .
1235 4359 1241 4373 .
1261 4359 1268 4374 .
1291 4330 1371 4375 asse-

147 4418 261 4498 quitur.
293 4417 352 4501 111,
374 4420 414 4483 10
437 4419 490 4483 ille
511 4420 641 4484 dimissa
659 4418 724 4482 eius
742 4436 853 4482 causae
870 4417 1020 4481 delatione
1038 4466 1046 4481 .
1066 4467 1072 4480 .
1092 4466 1099 4479 .
1119 4466 1125 4478 .
1145 4415 1283 4479 obtiuuit.
1316 4415 1376 4499 ΙΙΙ,

222 4629 249 4697 1)
269 4626 330 4683 Stil.
350 4629 417 4682 Tac.
437 4634 452 4695 ξ
471 4634 532 4684 209.
