3340 5218
294 321 337 387 84
704 283 707 294 ’
829 320 920 392 capue
938 319 983 377 rv.

383 486 487 550 Huius
511 509 587 550 usus
608 485 738 550 Tacitus
762 487 849 550 solue
871 489 1029 569 patronus
1049 489 1107 549 est.
1136 485 1174 550 cf.
1188 484 1263 550 hist.
1277 483 1334 568 IV,
1349 485 1391 549 42
1415 489 1531 567 sponte

294 615 345 659 eos
368 595 573 660 ocmsoliomes
595 593 709 658 sortisse
731 595 853 658 ireomes
870 593 1036 658 admodum
1058 613 1112 656 mec
1129 593 1296 674 depellendi
1312 593 1446 674 periculi
1469 593 1530 655 sed

292 703 327 765 im
350 722 431 784 spem
449 702 605 784 potmlioe
622 701 788 766 oidebotm.
826 723 900 764 ann.
919 699 1008 783 XIV,
1029 701 1068 764 11
1092 721 1170 781 omos
1190 697 1381 786 (orationes)
1404 699 1527 764 Seneca
1664 700 1665 753 1

295 808 481 890 testificando
503 828 597 889 qmom
619 807 746 872 honesto
763 809 954 890 praeciperet
973 807 1020 872 oel
1042 808 1180 872 mclomli
1202 807 1320 890 imperiii
1342 827 1410 871 ooce
1425 807 1524 888 prim-

293 917 369 998 cipis
391 916 543 998 omlpobol.
580 913 871 979 luculentissimum
895 916 1003 977 autem
1024 917 1073 977 est
1096 914 1276 997 exemplum
1299 913 1375 978 bist.
1397 913 1454 997 IV,
1476 914 1524 978 25

292 1029 357 1086 imm
385 1043 400 1087 e
426 1023 576 1086 seditiosis
602 1042 700 1086 mmmm
731 1022 844 1086 cimini
874 1013 957 1086 idlet
984 1021 1084 1104 mopis
1110 1022 1285 1102 usurpandi
1312 1022 1392 1086 ieonis
1423 1041 1524 1102 quom

290 1131 366 1211 quio
388 1130 483 1193 unicis
505 1129 595 1211 colim
616 1128 730 1216 soreii)

419 1307 454 1372 Ε.
488 1304 538 1394 dd
563 1305 805 1374 audacissimam
828 1305 992 1371 licentiam
1016 1324 1053 1371 ea
1075 1307 1181 1371 nostri
1203 1323 1281 1370 usus
1305 1305 1407 1371 forma

292 1454 445 1533 provecta
478 1453 542 1536 est,
584 1450 640 1514 ubi
676 1451 766 1514 nulla
798 1450 898 1514 totius
932 1450 1095 1515 enuntiati
1132 1471 1193 1514 vox
1224 1449 1402 1532 invenitur,
1433 1449 1525 1512 unde

297 1558 464 1642 genetivus
498 1557 665 1640 dependet.
712 1557 796 1640 quod
832 1557 859 1620 si
890 1556 941 1640 fit,
973 1556 1142 1642 genetivus
1180 1558 1342 1621 actionem
1367 1555 1523 1620 subiecto

293 1665 498 1749 designatam
530 1663 661 1728 definire
695 1663 784 1726 solet.
832 1685 868 1727 ac
900 1667 1028 1746 praeter
1060 1663 1208 1728 Tacitum
1236 1661 1348 1728 omnes
1385 1662 1525 1745 scripto-

292 1793 343 1836 res
382 1771 443 1835 hoc
476 1793 537 1850 usu
571 1771 806 1835 abstinuerunt.
857 1793 930 1835 ann.
959 1769 1004 1852 ΙΙ,
1032 1770 1074 1834 59
1112 1769 1317 1834 Germanicus
1344 1769 1525 1851 Aeppplmm

287 1878 496 1960 proficiscitur
518 1878 738 1959 copmosemdoe
760 1877 964 1958 amliqmilol'.
999 1875 1063 1960 HI,
1087 1877 1106 1940 9
1132 1875 1236 1962 (Piso)
1259 1877 1298 1940 ot
1322 1875 1450 1940 Nomio
1471 1876 1524 1938 vi-

290 1986 401 2048 lomdoe
423 1985 606 2065 suspicionis
628 2005 671 2047 om
694 1985 769 2065 qmio
786 1985 912 2066 pavidis
930 1985 1059 2049 consilio
1082 1985 1117 2048 im
1138 1986 1252 2048 imcerlo
1274 1988 1348 2048 smmi
1369 1982 1458 2060 Nore
1480 2002 1524 2046 nc

290 2112 362 2156 mec
382 2091 485 2154 Tiberi
507 2092 641 2156 decoctos
660 2092 751 2156 emeli
771 2091 856 2173 omlpi
878 2092 952 2155 iios.
970 2127 1014 2137 -
1039 2088 1121 2156 Sunt
1144 2091 1244 2175 igitur
1268 2093 1421 2173 quattuor
1443 2088 1525 2170 loci,

291 2199 408 2282 quibus
432 2197 655 2262 collectionem
673 2192 863 2276 Hoffmanni
886 2198 1105 2281 supplevimus
1125 2199 1157 2262 et
1179 2200 1261 2279 tres,
1285 2218 1420 2281 quorum
1440 2215 1524 2276 syn-

290 2304 446 2386 tecticam·
465 2308 660 2368 structuram
685 2327 703 2368 a
727 2304 795 2368 viro
823 2304 880 2368 illo
905 2303 1091 2368 doctissimo
1114 2303 1201 2368 haud
1224 2306 1311 2370 recte
1335 2301 1522 2386 expositam

291 2433 361 2475 esse
385 2432 557 2494 veramque
581 2410 828 2492 explicationem
851 2433 912 2476 nos
936 2409 1116 2494 prodidisse
1140 2411 1337 2476 confidimus.
1584 2492 1592 2506 .

380 2517 502 2594 Quodsi
521 2516 730 2580 manifestum
751 2517 885 2601 videtur,
904 2519 1092 2602 genetivum
1112 2516 1281 2601 gerundivi
1301 2538 1396 2600 saepe
1415 2517 1524 2582 totius

291 2625 452 2689 enuntiati
475 2623 666 2707 epexegesim
689 2645 772 2707 esse,
795 2625 973 2707 quaeritur,
996 2646 1073 2690 num
1096 2644 1209 2688 revera
1232 2623 1339 2687 finalis
1364 2627 1421 2690 aut
1443 2644 1524 2686 cau—

292 2732 369 2794 salis
404 2729 650 2814 significationis
686 2731 741 2813 sit,
781 2730 865 2814 quod
898 2729 1075 2807 Hoffmann
1104 2752 1236 2813 prorsus
1272 2729 1412 2813 denegat
1444 2749 1523 2812 gra-

290 2838 429 2901 vissimis
453 2838 543 2901 nisus
568 2837 777 2920 argumentis.
814 2838 932 2921 repetit
961 2838 1047 2901 enim
1071 2838 1255 2921 genetivum
1285 2835 1454 2920 gerundivi
1476 2856 1522 2898 ex

291 2966 328 3006 ea
346 2945 488 3025 ratione,
512 2965 594 3028 quae
613 2943 700 3006 valet
719 2944 803 3027 apud
822 2944 990 3008 nominum
1010 2945 1241 3027 appositiones.
1279 2965 1354 3007 nam
1374 2942 1522 3028 genetivi

290 3051 337 3112 illi
367 3051 406 3112 ad
439 3072 537 3112 unum
571 3049 732 3112 obiectum
761 3051 936 3133 pertinent,
964 3051 991 3114 si
1020 3051 1123 3114 solam
1153 3049 1369 3133 syntecticain
1402 3050 1522 3134 legem,

291 3156 342 3218 cui
366 3155 495 3219 obnoxii
519 3156 607 3238 sunt,
637 3159 774 3238 spectas.
815 3178 926 3220 revera
954 3159 1063 3220 autem
1091 3155 1131 3220 ad
1160 3155 1344 3220 universum
1369 3156 1519 3220 enuntia-

289 3267 359 3326 tum
387 3261 567 3325 accuratius
596 3263 818 3345 explicandum
847 3263 994 3326 attinent.
1041 3284 1103 3347 quo
1138 3264 1190 3342 fit,
1223 3265 1352 3327 utnon
1380 3284 1453 3327 raro
1482 3263 1518 3327 in

289 3369 396 3432 locum
424 3368 637 3452 appositionis
670 3369 800 3434 nomine
828 3369 935 3453 aliquo
965 3368 1162 3454 designatae
1182 3370 1376 3434 substituere
1409 3369 1519 3453 possis

290 3475 474 3559 genetivum
494 3475 641 3559 gerundii
661 3477 693 3540 et
716 3474 811 3539 buius
835 3475 869 3539 in
888 3475 995 3540 locum
1014 3477 1117 3559 illam,
1141 3477 1237 3541 sicut:
1261 3499 1335 3540 ann.
1349 3477 1379 3555 Ι,
1394 3477 1437 3541 30
1455 3499 1517 3561 pro

256 3621 259 3628 ·
289 3584 438 3664 quosdam
460 3583 522 3664 ipsi
544 3583 699 3664 mompmli
725 3581 937 3646 documentum
959 3585 1032 3665 (idei
1054 3584 1207 3648 tradidere
1229 3584 1297 3649 sine
1322 3583 1516 3649 difficultate

364 3777 389 3842 1)
409 3775 503 3828 Etiam
523 3791 585 3828 ann.
605 3774 643 3840 Il,
666 3779 678 3826 1
712 3775 937 3831 Phraates
959 3782 1067 3845 partem
1087 3777 1176 3844 prolis
1202 3777 1354 3843 firmandae
1377 3779 1518 3831 amicitiae

289 3866 400 3918 miserat
417 3863 567 3918 Hoffmann
590 3865 644 3916 huc
663 3864 766 3918 referre
786 3865 911 3933 videtur,
934 3864 964 3919 id
983 3865 1059 3934 quod
1076 3880 1127 3919 nos
1145 3865 1265 3934 probare
1284 3883 1339 3921 non
1358 3882 1516 3936 possumus.

289 3969 355 4006 nam
374 3952 566 4006 firmandae
585 3951 766 4007 amicitiae
785 3954 861 4008 baud
880 3954 1011 4024 ambigue
1026 3953 1137 4007 dativus
1157 3956 1200 4008 est
1214 3955 1373 4024 dependens
1393 3973 1410 4009 a
1428 3955 1517 4009 verbo

290 4042 443 4107 miserat,
470 4057 521 4095 nec
545 4040 650 4094 similes
679 4042 758 4098 locos
782 4043 970 4112 cognoscendi
994 4041 1103 4098 occasio
1127 4042 1208 4096 nobis
1236 4042 1339 4112 deerit,
1362 4044 1391 4097 in
1415 4043 1515 4112 quibus

289 4132 405 4186 verbnm
437 4130 574 4184 mittere
610 4149 673 4184 cum
701 4130 765 4185 aliis
798 4147 881 4199 quam
913 4131 1022 4200 primae
1050 4130 1246 4186 declinationis
1279 4132 1375 4187 formis
1407 4131 1516 4186 numeri

290 4219 439 4289 singularis
457 4218 643 4289 coniungitur.
677 4222 800 4274 ceterum
820 4219 1029 4273 concedendurn
1047 4221 1092 4274 cst
1109 4237 1203 4290 perse
1223 4219 1334 4290 saepius
1348 4219 1395 4274 vix
1413 4219 1515 4274 diiudi-
1584 4267 1597 4286 ,

265 4309 348 4382 ,cari
365 4325 460 4378 posse,
484 4309 579 4362 utrum
597 4308 734 4362 secundus
754 4323 835 4361 casus
855 4306 945 4361 subsit
964 4308 1130 4376 antestius,
1153 4308 1317 4379 praesertim
1337 4325 1400 4362 cum
1419 4327 1515 4364 seusus

289 4398 364 4452 idem
383 4399 503 4452 maneat.
533 4397 582 4451 sed
597 4395 747 4465 quaeritur,
766 4396 831 4449 utra
849 4397 990 4450 structura
1009 4397 1148 4452 vetustior
1165 4397 1209 4452 eit.
1243 4414 1277 4450 ac
1291 4397 1416 4467 genetivi
1435 4415 1515 4452 usum

288 4487 362 4541 Livii
381 4487 492 4540 demum
516 4485 688 4554 temporibus
707 4485 801 4537 ortum
824 4499 899 4551 esse,
922 4485 1043 4555 priorem
1067 4489 1161 4540 antem
1183 4486 1269 4540 fuisse
1294 4484 1382 4542 dativi
1401 4487 1515 4541 demon-

290 4576 391 4631 stravit
408 4576 527 4639 Jordan,
546 4573 687 4628 Kritische
702 4573 835 4644 Beitriige
854 4593 902 4628 zur
920 4573 1090 4629 Geschichte
1109 4575 1159 4629 der
1177 4573 1362 4630 lateinisches
1382 4574 1514 4644 Sprache.

290 4665 465 4734 Klinigsberg
485 4670 561 4719 lere.
581 4683 607 4732 p.
627 4670 678 4717 285
694 4680 754 4731 equ.
