<?xml version="1.0" encoding="UTF-8"?>
<!DOCTYPE html PUBLIC "-//W3C//DTD XHTML 1.0 Transitional//EN"
    "http://www.w3.org/TR/xhtml1/DTD/xhtml1-transitional.dtd">
<html xmlns="http://www.w3.org/1999/xhtml" xml:lang="en" lang="en">
 <head>
  <title>
</title>
<meta http-equiv="Content-Type" content="text/html;charset=utf-8" />
  <meta name='ocr-system' content='tesseract 3.04.00' />
  <meta name='ocr-capabilities' content='ocr_page ocr_carea ocr_par ocr_line ocrx_word'/>
</head>
<body>
  <div class='ocr_page' id='page_1' title='image "./quaestionessynt00helmgoog/quaestionessynt00helmgoog_0013.png"; bbox 0 0 3330 5228; ppageno 0'>
   <div class='ocr_carea' id='block_1_1' title="bbox 519 267 1380 338">
    <p class='ocr_par' dir='ltr' id='par_1_1' title="bbox 519 267 1380 338">
     <span class='ocr_line' id='line_1_1' title="bbox 519 267 1380 338; baseline -0.005 -16"><span class='ocrx_word' id='word_1_1' title='bbox 519 268 560 322; x_wconf 90' lang='lat' dir='ltr'>De</span> <span class='ocrx_word' id='word_1_2' title='bbox 579 267 780 338; x_wconf 83' lang='lat' dir='ltr'>significatione</span> <span class='ocrx_word' id='word_1_3' title='bbox 799 267 1019 338; x_wconf 86' lang='lat' dir='ltr'>participiorum.</span> <span class='ocrx_word' id='word_1_4' title='bbox 1358 270 1380 333; x_wconf 85' lang='lat'>5</span> 
     </span>
    </p>
   </div>
   <div class='ocr_carea' id='block_1_2' title="bbox 145 431 1378 1904">
    <p class='ocr_par' dir='ltr' id='par_1_2' title="bbox 150 431 1378 1139">
     <span class='ocr_line' id='line_1_2' title="bbox 156 431 1378 516; baseline 0.002 -22"><span class='ocrx_word' id='word_1_5' title='bbox 156 435 222 496; x_wconf 88' lang='lat' dir='ltr'>tam</span> <span class='ocrx_word' id='word_1_6' title='bbox 247 431 416 516; x_wconf 86' lang='lat' dir='ltr'>evadente,</span> <span class='ocrx_word' id='word_1_7' title='bbox 439 453 537 516; x_wconf 92' lang='lat' dir='ltr'>quam</span> <span class='ocrx_word' id='word_1_8' title='bbox 560 434 729 516; x_wconf 90' lang='lat' dir='ltr'>temptata.</span> <span class='ocrx_word' id='word_1_9' title='bbox 775 455 848 497; x_wconf 90' lang='lat' dir='ltr'>cum</span> <span class='ocrx_word' id='word_1_10' title='bbox 877 435 984 496; x_wconf 88' lang='lat' dir='ltr'>autem</span> <span class='ocrx_word' id='word_1_11' title='bbox 1013 432 1095 497; x_wconf 87' lang='lat' dir='ltr'>talia</span> <span class='ocrx_word' id='word_1_12' title='bbox 1121 434 1305 516; x_wconf 87' lang='lat' dir='ltr'>praesentia</span> <span class='ocrx_word' id='word_1_13' title='bbox 1326 434 1378 498; x_wconf 81' lang='lat' dir='ltr'>rel</span> 
     </span>
     <span class='ocr_line' id='line_1_3' title="bbox 154 537 1378 622; baseline 0.002 -21"><span class='ocrx_word' id='word_1_14' title='bbox 154 538 344 622; x_wconf 85' lang='lat' dir='ltr'>imperfecta</span> <span class='ocrx_word' id='word_1_15' title='bbox 371 539 410 602; x_wconf 89' lang='lat' dir='ltr'>de</span> <span class='ocrx_word' id='word_1_16' title='bbox 438 541 557 602; x_wconf 91' lang='lat' dir='ltr'>conatu</span> <span class='ocrx_word' id='word_1_17' title='bbox 585 538 648 604; x_wconf 90' lang='lat' dir='ltr'>dici</span> <span class='ocrx_word' id='word_1_18' title='bbox 675 539 881 622; x_wconf 82' lang='lat' dir='ltr'>grammatici</span> <span class='ocrx_word' id='word_1_19' title='bbox 908 537 1052 619; x_wconf 71' lang='lat' dir='ltr'>cadant,</span> <span class='ocrx_word' id='word_1_20' title='bbox 1080 539 1193 603; x_wconf 89' lang='lat' dir='ltr'>eodem</span> <span class='ocrx_word' id='word_1_21' title='bbox 1221 539 1289 602; x_wconf 93' lang='lat' dir='ltr'>iure</span> <span class='ocrx_word' id='word_1_22' title='bbox 1318 562 1378 604; x_wconf 86' lang='lat' dir='ltr'>nos</span> 
     </span>
     <span class='ocr_line' id='line_1_4' title="bbox 154 644 1378 730; baseline 0.002 -20"><span class='ocrx_word' id='word_1_23' title='bbox 154 647 218 710; x_wconf 87' lang='lat' dir='ltr'>tale</span> <span class='ocrx_word' id='word_1_24' title='bbox 237 647 371 711; x_wconf 87' lang='lat' dir='ltr'>verbum</span> <span class='ocrx_word' id='word_1_25' title='bbox 389 644 553 709; x_wconf 86' lang='lat' dir='ltr'>infinitum</span> <span class='ocrx_word' id='word_1_26' title='bbox 571 645 777 730; x_wconf 72' lang='lat' dir='ltr'>participium</span> <span class='ocrx_word' id='word_1_27' title='bbox 797 645 835 708; x_wconf 91' lang='lat' dir='ltr'>de</span> <span class='ocrx_word' id='word_1_28' title='bbox 855 649 973 710; x_wconf 89' lang='lat' dir='ltr'>conatu</span> <span class='ocrx_word' id='word_1_29' title='bbox 993 667 1179 729; x_wconf 89' lang='lat' dir='ltr'>nuncupare</span> <span class='ocrx_word' id='word_1_30' title='bbox 1198 666 1378 728; x_wconf 81' lang='lat' dir='ltr'>possumus</span> 
     </span>
     <span class='ocr_line' id='line_1_5' title="bbox 152 749 1377 836; baseline 0.001 -20"><span class='ocrx_word' id='word_1_31' title='bbox 152 775 188 816; x_wconf 90' lang='lat' dir='ltr'>ac</span> <span class='ocrx_word' id='word_1_32' title='bbox 211 752 277 818; x_wconf 86' lang='lat' dir='ltr'>tria</span> <span class='ocrx_word' id='word_1_33' title='bbox 300 756 357 817; x_wconf 86' lang='lat' dir='ltr'>aut</span> <span class='ocrx_word' id='word_1_34' title='bbox 379 755 531 836; x_wconf 88' lang='lat' dir='ltr'>quattuor</span> <span class='ocrx_word' id='word_1_35' title='bbox 554 773 593 814; x_wconf 86' lang='lat' dir='ltr'>ex</span> <span class='ocrx_word' id='word_1_36' title='bbox 615 750 707 816; x_wconf 85' lang='lat' dir='ltr'>Livio</span> <span class='ocrx_word' id='word_1_37' title='bbox 732 754 765 817; x_wconf 87' lang='lat' dir='ltr'>et</span> <span class='ocrx_word' id='word_1_38' title='bbox 789 749 940 817; x_wconf 82' lang='lat' dir='ltr'>Cornelio</span> <span class='ocrx_word' id='word_1_39' title='bbox 964 751 1092 836; x_wconf 77' lang='lat' dir='ltr'>Nepote</span> <span class='ocrx_word' id='word_1_40' title='bbox 1120 755 1251 836; x_wconf 86' lang='lat' dir='ltr'>sumpta</span> <span class='ocrx_word' id='word_1_41' title='bbox 1274 775 1377 818; x_wconf 82' lang='lat' dir='ltr'>exem·</span> 
     </span>
     <span class='ocr_line' id='line_1_6' title="bbox 152 859 1377 945; baseline 0 -21"><span class='ocrx_word' id='word_1_42' title='bbox 152 861 206 944; x_wconf 91' lang='lat' dir='ltr'>pla</span> <span class='ocrx_word' id='word_1_43' title='bbox 229 883 249 924; x_wconf 90' lang='lat' dir='ltr'>a</span> <span class='ocrx_word' id='word_1_44' title='bbox 279 859 512 944; x_wconf 76' lang='lat' dir='ltr'>grammaticis,</span> <span class='ocrx_word' id='word_1_45' title='bbox 544 860 600 944; x_wconf 92' lang='lat' dir='ltr'>qui</span> <span class='ocrx_word' id='word_1_46' title='bbox 628 860 725 924; x_wconf 91' lang='lat' dir='ltr'>huius</span> <span class='ocrx_word' id='word_1_47' title='bbox 750 881 826 924; x_wconf 88' lang='lat' dir='ltr'>usus</span> <span class='ocrx_word' id='word_1_48' title='bbox 855 860 987 925; x_wconf 88' lang='lat' dir='ltr'>omnino</span> <span class='ocrx_word' id='word_1_49' title='bbox 1012 860 1209 924; x_wconf 86' lang='lat' dir='ltr'>mentionem</span> <span class='ocrx_word' id='word_1_50' title='bbox 1238 861 1377 945; x_wconf 84' lang='lat' dir='ltr'>faciunt,</span> 
     </span>
     <span class='ocr_line' id='line_1_7' title="bbox 150 965 1377 1052; baseline 0.001 -22"><span class='ocrx_word' id='word_1_51' title='bbox 150 968 248 1052; x_wconf 83' lang='lat' dir='ltr'>vulgo</span> <span class='ocrx_word' id='word_1_52' title='bbox 266 969 565 1032; x_wconf 84' lang='lat' dir='ltr'>commemorantur.</span> <span class='ocrx_word' id='word_1_53' title='bbox 603 966 695 1050; x_wconf 89' lang='lat' dir='ltr'>plura</span> <span class='ocrx_word' id='word_1_54' title='bbox 720 965 813 1032; x_wconf 90' lang='lat' dir='ltr'>nobis</span> <span class='ocrx_word' id='word_1_55' title='bbox 834 969 1055 1050; x_wconf 87' lang='lat' dir='ltr'>occurrerunt,</span> <span class='ocrx_word' id='word_1_56' title='bbox 1079 967 1252 1051; x_wconf 88' lang='lat' dir='ltr'>exquibus</span> <span class='ocrx_word' id='word_1_57' title='bbox 1277 989 1377 1032; x_wconf 93' lang='lat' dir='ltr'>unum</span> 
     </span>
     <span class='ocr_line' id='line_1_8' title="bbox 151 1077 327 1139; baseline -0.011 0"><span class='ocrx_word' id='word_1_58' title='bbox 151 1077 327 1139; x_wconf 84' lang='lat' dir='ltr'>vertamus:</span> 
     </span>
    </p>

    <p class='ocr_par' dir='ltr' id='par_1_3' title="bbox 149 1176 1378 1581">
     <span class='ocr_line' id='line_1_9' title="bbox 240 1176 1378 1265; baseline 0.003 -22"><span class='ocrx_word' id='word_1_59' title='bbox 240 1180 314 1245; x_wconf 86' lang='lat' dir='ltr'>Tac.</span> <span class='ocrx_word' id='word_1_60' title='bbox 342 1179 417 1244; x_wconf 88' lang='lat' dir='ltr'>hist.</span> <span class='ocrx_word' id='word_1_61' title='bbox 444 1180 518 1259; x_wconf 71' lang='lat' dir='ltr'>Le</span> <span class='ocrx_word' id='word_1_62' title='bbox 550 1181 625 1245; x_wconf 87' lang='lat' dir='ltr'>adeo</span> <span class='ocrx_word' id='word_1_63' title='bbox 655 1180 792 1260; x_wconf 82' lang='lat' dir='ltr'>furentes</span> <span class='ocrx_word' id='word_1_64' title='bbox 824 1176 973 1265; x_wconf 81' lang='lat' dir='ltr'>(milites)</span> <span class='ocrx_word' id='word_1_65' title='bbox 1006 1180 1189 1262; x_wconf 74' lang='lat' dir='ltr'>infirmitate</span> <span class='ocrx_word' id='word_1_66' title='bbox 1219 1182 1378 1246; x_wconf 78' lang='lat' dir='ltr'>retinentis</span> 
     </span>
     <span class='ocr_line' id='line_1_10' title="bbox 149 1287 1377 1372; baseline 0.001 -20"><span class='ocrx_word' id='word_1_67' title='bbox 149 1287 230 1352; x_wconf 86' lang='lat' dir='ltr'>altro</span> <span class='ocrx_word' id='word_1_68' title='bbox 265 1287 517 1372; x_wconf 75' lang='lat' dir='ltr'>accendebantur,</span> <span class='ocrx_word' id='word_1_69' title='bbox 557 1309 624 1352; x_wconf 87' lang='lat' dir='ltr'>nan</span> <span class='ocrx_word' id='word_1_70' title='bbox 661 1307 722 1369; x_wconf 74' lang='lat' dir='ltr'>par</span> <span class='ocrx_word' id='word_1_71' title='bbox 757 1287 903 1352; x_wconf 79' lang='lat' dir='ltr'>wdtbend</span> <span class='ocrx_word' id='word_1_72' title='bbox 942 1289 1070 1352; x_wconf 75' lang='lat' dir='ltr'>wanden</span> <span class='ocrx_word' id='word_1_73' title='bbox 1106 1289 1150 1352; x_wconf 82' lang='lat' dir='ltr'>ste</span> <span class='ocrx_word' id='word_1_74' title='bbox 1191 1287 1289 1352; x_wconf 82' lang='lat' dir='ltr'>daret</span> <span class='ocrx_word' id='word_1_75' title='bbox 1328 1290 1377 1354; x_wconf 87' lang='lat' dir='ltr'>die</span> 
     </span>
     <span class='ocr_line' id='line_1_11' title="bbox 150 1393 1377 1478; baseline 0.001 -20"><span class='ocrx_word' id='word_1_76' title='bbox 150 1393 358 1459; x_wconf 81' lang='lat' dir='ltr'>Schwacbbeit</span> <span class='ocrx_word' id='word_1_77' title='bbox 384 1395 500 1478; x_wconf 71' lang='lat' dir='ltr'>damn,</span> <span class='ocrx_word' id='word_1_78' title='bbox 527 1396 581 1459; x_wconf 89' lang='lat' dir='ltr'>der</span> <span class='ocrx_word' id='word_1_79' title='bbox 608 1396 653 1460; x_wconf 84' lang='lat' dir='ltr'>ste</span> <span class='ocrx_word' id='word_1_80' title='bbox 679 1394 950 1460; x_wconf 75' lang='lat' dir='ltr'>enrecbtenroer&#39;sen</span> <span class='ocrx_word' id='word_1_81' title='bbox 972 1394 1086 1473; x_wconf 67' lang='lat' dir='ltr'>melre,</span> <span class='ocrx_word' id='word_1_82' title='bbox 1115 1393 1191 1459; x_wconf 85' lang='lat' dir='ltr'>nocb</span> <span class='ocrx_word' id='word_1_83' title='bbox 1214 1395 1377 1459; x_wconf 85' lang='lat' dir='ltr'>obendrein</span> 
     </span>
     <span class='ocr_line' id='line_1_12' title="bbox 149 1501 1020 1581; baseline -0.002 -16"><span class='ocrx_word' id='word_1_84' title='bbox 149 1501 328 1581; x_wconf 83' lang='lat' dir='ltr'>cntflarnrnt.</span> <span class='ocrx_word' id='word_1_85' title='bbox 1018 1523 1020 1528; x_wconf 94' lang='lat'>·</span> 
     </span>
    </p>

    <p class='ocr_par' dir='ltr' id='par_1_4' title="bbox 145 1605 1376 1904">
     <span class='ocr_line' id='line_1_13' title="bbox 239 1605 1376 1692; baseline 0.003 -23"><span class='ocrx_word' id='word_1_86' title='bbox 239 1605 313 1669; x_wconf 90' lang='lat' dir='ltr'>Alia</span> <span class='ocrx_word' id='word_1_87' title='bbox 336 1609 425 1671; x_wconf 88' lang='lat' dir='ltr'>sunt:</span> <span class='ocrx_word' id='word_1_88' title='bbox 451 1606 525 1670; x_wconf 80' lang='lat' dir='ltr'>Tac.</span> <span class='ocrx_word' id='word_1_89' title='bbox 543 1607 619 1673; x_wconf 85' lang='lat' dir='ltr'>hist.</span> <span class='ocrx_word' id='word_1_90' title='bbox 642 1607 672 1692; x_wconf 95' lang='lat' dir='ltr'>I,</span> <span class='ocrx_word' id='word_1_91' title='bbox 694 1609 732 1672; x_wconf 78' lang='lat'>17</span> <span class='ocrx_word' id='word_1_92' title='bbox 756 1609 987 1690; x_wconf 78' lang='lat' dir='ltr'>supprimentes.</span> <span class='ocrx_word' id='word_1_93' title='bbox 1023 1608 1054 1692; x_wconf 94' lang='lat' dir='ltr'>I,</span> <span class='ocrx_word' id='word_1_94' title='bbox 1077 1608 1120 1672; x_wconf 84' lang='lat'>45</span> <span class='ocrx_word' id='word_1_95' title='bbox 1142 1629 1211 1672; x_wconf 85' lang='lat' dir='ltr'>voce</span> <span class='ocrx_word' id='word_1_96' title='bbox 1232 1609 1376 1690; x_wconf 77' lang='lat' dir='ltr'>nattaqne</span> 
     </span>
     <span class='ocr_line' id='line_1_14' title="bbox 150 1711 1376 1797; baseline 0.002 -20"><span class='ocrx_word' id='word_1_97' title='bbox 150 1718 328 1795; x_wconf 66' lang='lat' dir='ltr'>enecans.</span> <span class='ocrx_word' id='word_1_98' title='bbox 372 1711 418 1796; x_wconf 89' lang='lat'>11,</span> <span class='ocrx_word' id='word_1_99' title='bbox 444 1714 484 1778; x_wconf 88' lang='grc'>18</span> <span class='ocrx_word' id='word_1_100' title='bbox 506 1715 650 1778; x_wconf 79' lang='lat' dir='ltr'>retinenti</span> <span class='ocrx_word' id='word_1_101' title='bbox 671 1715 742 1778; x_wconf 81' lang='lat' dir='ltr'>daci</span> <span class='ocrx_word' id='word_1_102' title='bbox 765 1715 824 1778; x_wconf 85' lang='lat' dir='ltr'>teta</span> <span class='ocrx_word' id='word_1_103' title='bbox 846 1715 1007 1780; x_wconf 80' lang='lat' dir='ltr'>intentare.</span> <span class='ocrx_word' id='word_1_104' title='bbox 1051 1713 1115 1797; x_wconf 90' lang='lat' dir='ltr'>IV,</span> <span class='ocrx_word' id='word_1_105' title='bbox 1139 1715 1182 1778; x_wconf 87' lang='lat'>30</span> <span class='ocrx_word' id='word_1_106' title='bbox 1204 1715 1324 1780; x_wconf 82' lang='lat' dir='ltr'>nrrntr&#39;e&#39;s</span> <span class='ocrx_word' id='word_1_107' title='bbox 1347 1721 1376 1780; x_wconf 89' lang='lat' dir='ltr'>et</span> 
     </span>
     <span class='ocr_line' id='line_1_15' title="bbox 145 1819 1141 1904; baseline 0.001 -19"><span class='ocrx_word' id='word_1_108' title='bbox 145 1821 308 1903; x_wconf 67' lang='lat' dir='ltr'>promissa</span> <span class='ocrx_word' id='word_1_109' title='bbox 329 1820 422 1901; x_wconf 62' lang='lat' dir='ltr'>{idern</span> <span class='ocrx_word' id='word_1_110' title='bbox 445 1820 599 1903; x_wconf 74' lang='lat' dir='ltr'>lepicnnrn</span> <span class='ocrx_word' id='word_1_111' title='bbox 621 1820 796 1884; x_wconf 79' lang='lat' dir='ltr'>convellens.</span> <span class='ocrx_word' id='word_1_112' title='bbox 841 1819 881 1904; x_wconf 90' lang='lat' dir='ltr'>V,</span> <span class='ocrx_word' id='word_1_113' title='bbox 906 1822 923 1885; x_wconf 83' lang='lat'>7</span> <span class='ocrx_word' id='word_1_114' title='bbox 948 1821 1141 1904; x_wconf 74' lang='lat' dir='ltr'>operenttbna</span> 
     </span>
    </p>
   </div>
   <div class='ocr_carea' id='block_1_3' title="bbox 146 1999 1374 4682">
    <p class='ocr_par' dir='ltr' id='par_1_5' title="bbox 476 1999 1045 2203">
     <span class='ocr_line' id='line_1_16' title="bbox 721 1999 793 2078; baseline 0.028 -16"><span class='ocrx_word' id='word_1_115' title='bbox 721 1999 793 2078; x_wconf 59' lang='lat'>53.</span> 
     </span>
     <span class='ocr_line' id='line_1_17' title="bbox 476 2125 1045 2203; baseline 0.005 -18"><span class='ocrx_word' id='word_1_116' title='bbox 476 2132 526 2187; x_wconf 84' lang='lat' dir='ltr'>De</span> <span class='ocrx_word' id='word_1_117' title='bbox 549 2131 725 2203; x_wconf 82' lang='lat' dir='ltr'>participio</span> <span class='ocrx_word' id='word_1_118' title='bbox 748 2130 890 2202; x_wconf 82' lang='lat' dir='ltr'>perfecti</span> <span class='ocrx_word' id='word_1_119' title='bbox 912 2125 1045 2202; x_wconf 81' lang='lat' dir='ltr'>passivi.</span> 
     </span>
    </p>

    <p class='ocr_par' dir='ltr' id='par_1_6' title="bbox 146 2245 1374 4682">
     <span class='ocr_line' id='line_1_18' title="bbox 237 2245 1372 2333; baseline 0.002 -23"><span class='ocrx_word' id='word_1_120' title='bbox 237 2245 309 2312; x_wconf 92' lang='lat' dir='ltr'>Hoc</span> <span class='ocrx_word' id='word_1_121' title='bbox 332 2246 505 2332; x_wconf 84' lang='lat' dir='ltr'>participio</span> <span class='ocrx_word' id='word_1_122' title='bbox 529 2246 563 2312; x_wconf 91' lang='lat' dir='ltr'>in</span> <span class='ocrx_word' id='word_1_123' title='bbox 586 2247 772 2312; x_wconf 86' lang='lat' dir='ltr'>universum</span> <span class='ocrx_word' id='word_1_124' title='bbox 792 2269 829 2312; x_wconf 90' lang='lat' dir='ltr'>ea</span> <span class='ocrx_word' id='word_1_125' title='bbox 848 2246 1085 2332; x_wconf 87' lang='lat' dir='ltr'>describuntur,</span> <span class='ocrx_word' id='word_1_126' title='bbox 1109 2271 1190 2333; x_wconf 89' lang='lat' dir='ltr'>quae</span> <span class='ocrx_word' id='word_1_127' title='bbox 1214 2249 1280 2312; x_wconf 86' lang='lat' dir='ltr'>iam</span> <span class='ocrx_word' id='word_1_128' title='bbox 1303 2271 1372 2332; x_wconf 90' lang='lat' dir='ltr'>per-</span> 
     </span>
     <span class='ocr_line' id='line_1_19' title="bbox 149 2353 1373 2439; baseline 0 -20"><span class='ocrx_word' id='word_1_129' title='bbox 149 2358 221 2420; x_wconf 89' lang='lat' dir='ltr'>acta</span> <span class='ocrx_word' id='word_1_130' title='bbox 245 2358 327 2420; x_wconf 87' lang='lat' dir='ltr'>sunt.</span> <span class='ocrx_word' id='word_1_131' title='bbox 369 2358 502 2419; x_wconf 87' lang='lat' dir='ltr'>vocatur</span> <span class='ocrx_word' id='word_1_132' title='bbox 525 2357 632 2418; x_wconf 88' lang='lat' dir='ltr'>autam</span> <span class='ocrx_word' id='word_1_133' title='bbox 655 2354 861 2438; x_wconf 86' lang='lat' dir='ltr'>participium</span> <span class='ocrx_word' id='word_1_134' title='bbox 884 2353 964 2437; x_wconf 85' lang='lat' dir='ltr'>perf.</span> <span class='ocrx_word' id='word_1_135' title='bbox 986 2355 1154 2439; x_wconf 83' lang='lat' dir='ltr'>passivi,</span> <span class='ocrx_word' id='word_1_136' title='bbox 1177 2377 1373 2438; x_wconf 86' lang='lat' dir='ltr'>quamquam</span> 
     </span>
     <span class='ocr_line' id='line_1_20' title="bbox 149 2460 1373 2546; baseline 0 -20"><span class='ocrx_word' id='word_1_137' title='bbox 149 2463 264 2526; x_wconf 86' lang='lat' dir='ltr'>suffixo</span> <span class='ocrx_word' id='word_1_138' title='bbox 289 2460 557 2546; x_wconf 80' lang='lat' dir='ltr'>Indogermanico</span> <span class='ocrx_word' id='word_1_139' title='bbox 582 2466 626 2545; x_wconf 91' lang='lat' dir='ltr'>ta,</span> <span class='ocrx_word' id='word_1_140' title='bbox 657 2461 774 2526; x_wconf 89' lang='lat' dir='ltr'>Latino</span> <span class='ocrx_word' id='word_1_141' title='bbox 799 2467 842 2542; x_wconf 89' lang='lat' dir='ltr'>tc,</span> <span class='ocrx_word' id='word_1_142' title='bbox 866 2465 899 2525; x_wconf 85' lang='lat' dir='ltr'>tn</span> <span class='ocrx_word' id='word_1_143' title='bbox 927 2460 967 2524; x_wconf 87' lang='lat' dir='ltr'>ab</span> <span class='ocrx_word' id='word_1_144' title='bbox 996 2460 1090 2525; x_wconf 87' lang='lat' dir='ltr'>initio</span> <span class='ocrx_word' id='word_1_145' title='bbox 1121 2462 1284 2544; x_wconf 86' lang='lat' dir='ltr'>passivam</span> <span class='ocrx_word' id='word_1_146' title='bbox 1308 2462 1373 2526; x_wconf 84' lang='lat' dir='ltr'>vim</span> 
     </span>
     <span class='ocr_line' id='line_1_21' title="bbox 148 2567 1374 2650; baseline 0 -18"><span class='ocrx_word' id='word_1_147' title='bbox 148 2591 215 2634; x_wconf 92' lang='lat' dir='ltr'>non</span> <span class='ocrx_word' id='word_1_148' title='bbox 237 2569 343 2632; x_wconf 88' lang='lat' dir='ltr'>inesse</span> <span class='ocrx_word' id='word_1_149' title='bbox 367 2567 446 2632; x_wconf 81' lang='lat' dir='ltr'>satis</span> <span class='ocrx_word' id='word_1_150' title='bbox 465 2571 601 2634; x_wconf 85' lang='lat' dir='ltr'>constat.</span> <span class='ocrx_word' id='word_1_151' title='bbox 643 2568 744 2632; x_wconf 90' lang='lat' dir='ltr'>immo</span> <span class='ocrx_word' id='word_1_152' title='bbox 767 2589 843 2632; x_wconf 86' lang='lat' dir='ltr'>vero</span> <span class='ocrx_word' id='word_1_153' title='bbox 868 2567 974 2632; x_wconf 85' lang='lat' dir='ltr'>activo</span> <span class='ocrx_word' id='word_1_154' title='bbox 998 2588 1094 2632; x_wconf 88' lang='lat' dir='ltr'>seusu</span> <span class='ocrx_word' id='word_1_155' title='bbox 1114 2567 1146 2632; x_wconf 88' lang='lat' dir='ltr'>id</span> <span class='ocrx_word' id='word_1_156' title='bbox 1169 2567 1318 2650; x_wconf 85' lang='lat' dir='ltr'>usurpari</span> <span class='ocrx_word' id='word_1_157' title='bbox 1341 2571 1374 2632; x_wconf 84' lang='lat' dir='ltr'>et</span> 
     </span>
     <span class='ocr_line' id='line_1_22' title="bbox 149 2672 1373 2760; baseline -0.002 -20"><span class='ocrx_word' id='word_1_158' title='bbox 149 2675 332 2740; x_wconf 82' lang='lat' dir='ltr'>Sanscritae</span> <span class='ocrx_word' id='word_1_159' title='bbox 354 2675 484 2760; x_wconf 85' lang='lat' dir='ltr'>linguae</span> <span class='ocrx_word' id='word_1_160' title='bbox 512 2680 544 2739; x_wconf 88' lang='lat' dir='ltr'>et</span> <span class='ocrx_word' id='word_1_161' title='bbox 568 2675 708 2740; x_wconf 85' lang='lat' dir='ltr'>Graecae</span> <span class='ocrx_word' id='word_1_162' title='bbox 732 2675 888 2758; x_wconf 88' lang='lat' dir='ltr'>exemplis</span> <span class='ocrx_word' id='word_1_163' title='bbox 917 2674 1076 2738; x_wconf 91' lang='lat' dir='ltr'>docemur.</span> <span class='ocrx_word' id='word_1_164' title='bbox 1122 2697 1158 2738; x_wconf 90' lang='lat' dir='ltr'>ac</span> <span class='ocrx_word' id='word_1_165' title='bbox 1185 2696 1227 2738; x_wconf 90' lang='lat' dir='ltr'>nc</span> <span class='ocrx_word' id='word_1_166' title='bbox 1255 2672 1373 2738; x_wconf 87' lang='lat' dir='ltr'>Latina</span> 
     </span>
     <span class='ocr_line' id='line_1_23' title="bbox 149 2779 1373 2866; baseline -0.002 -20"><span class='ocrx_word' id='word_1_167' title='bbox 149 2783 277 2866; x_wconf 89' lang='lat' dir='ltr'>quidem</span> <span class='ocrx_word' id='word_1_168' title='bbox 292 2783 463 2866; x_wconf 88' lang='lat' dir='ltr'>participia</span> <span class='ocrx_word' id='word_1_169' title='bbox 481 2782 516 2846; x_wconf 91' lang='lat' dir='ltr'>iu</span> <span class='ocrx_word' id='word_1_170' title='bbox 536 2787 565 2847; x_wconf 87' lang='lat' dir='ltr'>to</span> <span class='ocrx_word' id='word_1_171' title='bbox 583 2782 759 2846; x_wconf 89' lang='lat' dir='ltr'>terminata</span> <span class='ocrx_word' id='word_1_172' title='bbox 773 2780 886 2866; x_wconf 85' lang='lat' dir='ltr'>generi</span> <span class='ocrx_word' id='word_1_173' title='bbox 904 2779 1033 2864; x_wconf 84' lang='lat' dir='ltr'>passivo</span> <span class='ocrx_word' id='word_1_174' title='bbox 1053 2779 1161 2843; x_wconf 90' lang='lat' dir='ltr'>omnia</span> <span class='ocrx_word' id='word_1_175' title='bbox 1176 2779 1373 2864; x_wconf 85' lang='lat' dir='ltr'>assignanda</span> 
     </span>
     <span class='ocr_line' id='line_1_24' title="bbox 148 2885 1370 2973; baseline -0.002 -20"><span class='ocrx_word' id='word_1_176' title='bbox 148 2911 217 2953; x_wconf 88' lang='lat' dir='ltr'>csse</span> <span class='ocrx_word' id='word_1_177' title='bbox 245 2889 343 2954; x_wconf 85' lang='lat' dir='ltr'>verba</span> <span class='ocrx_word' id='word_1_178' title='bbox 372 2911 452 2973; x_wconf 89' lang='lat' dir='ltr'>quae</span> <span class='ocrx_word' id='word_1_179' title='bbox 480 2892 637 2954; x_wconf 88' lang='lat' dir='ltr'>vocantur</span> <span class='ocrx_word' id='word_1_180' title='bbox 666 2886 863 2972; x_wconf 89' lang='lat' dir='ltr'>deponentia</span> <span class='ocrx_word' id='word_1_181' title='bbox 890 2885 1144 2950; x_wconf 85' lang='lat' dir='ltr'>luculentissimo</span> <span class='ocrx_word' id='word_1_182' title='bbox 1173 2888 1249 2949; x_wconf 85' lang='lat' dir='ltr'>sunt</span> <span class='ocrx_word' id='word_1_183' title='bbox 1277 2886 1370 2950; x_wconf 90' lang='lat' dir='ltr'>docu-</span> 
     </span>
     <span class='ocr_line' id='line_1_25' title="bbox 149 2992 1372 3079; baseline -0.003 -20"><span class='ocrx_word' id='word_1_184' title='bbox 149 2999 266 3060; x_wconf 86' lang='lat' dir='ltr'>mento.</span> <span class='ocrx_word' id='word_1_185' title='bbox 307 2995 450 3061; x_wconf 83' lang='lat' dir='ltr'>sedium</span> <span class='ocrx_word' id='word_1_186' title='bbox 474 2994 708 3079; x_wconf 87' lang='lat' dir='ltr'>antiquissimis</span> <span class='ocrx_word' id='word_1_187' title='bbox 732 2993 931 3077; x_wconf 86' lang='lat' dir='ltr'>temporibus</span> <span class='ocrx_word' id='word_1_188' title='bbox 950 3013 1007 3056; x_wconf 88' lang='lat' dir='ltr'>eae</span> <span class='ocrx_word' id='word_1_189' title='bbox 1030 2992 1153 3056; x_wconf 86' lang='lat' dir='ltr'>formae</span> <span class='ocrx_word' id='word_1_190' title='bbox 1176 3013 1243 3055; x_wconf 92' lang='lat' dir='ltr'>non</span> <span class='ocrx_word' id='word_1_191' title='bbox 1268 2992 1372 3056; x_wconf 90' lang='lat' dir='ltr'>solum</span> 
     </span>
     <span class='ocr_line' id='line_1_26' title="bbox 148 3097 1370 3190; baseline -0.003 -24"><span class='ocrx_word' id='word_1_192' title='bbox 148 3102 187 3166; x_wconf 89' lang='lat' dir='ltr'>ad</span> <span class='ocrx_word' id='word_1_193' title='bbox 202 3123 275 3165; x_wconf 92' lang='lat' dir='ltr'>eum</span> <span class='ocrx_word' id='word_1_194' title='bbox 289 3106 450 3186; x_wconf 88' lang='lat' dir='ltr'>spectant,</span> <span class='ocrx_word' id='word_1_195' title='bbox 469 3103 524 3187; x_wconf 92' lang='lat' dir='ltr'>qui</span> <span class='ocrx_word' id='word_1_196' title='bbox 538 3101 660 3186; x_wconf 87' lang='lat' dir='ltr'>aliquid</span> <span class='ocrx_word' id='word_1_197' title='bbox 673 3101 752 3166; x_wconf 85' lang='lat' dir='ltr'>fecit</span> <span class='ocrx_word' id='word_1_198' title='bbox 765 3101 816 3165; x_wconf 89' lang='lat' dir='ltr'>vel</span> <span class='ocrx_word' id='word_1_199' title='bbox 835 3100 1020 3164; x_wconf 88' lang='lat' dir='ltr'>etiamnunc</span> <span class='ocrx_word' id='word_1_200' title='bbox 1034 3098 1123 3190; x_wconf 84' lang='lat' dir='ltr'>facit,</span> <span class='ocrx_word' id='word_1_201' title='bbox 1143 3097 1199 3162; x_wconf 91' lang='lat' dir='ltr'>sod</span> <span class='ocrx_word' id='word_1_202' title='bbox 1214 3099 1312 3163; x_wconf 89' lang='lat' dir='ltr'>etiam</span> <span class='ocrx_word' id='word_1_203' title='bbox 1329 3099 1370 3162; x_wconf 89' lang='lat' dir='ltr'>ad</span> 
     </span>
     <span class='ocr_line' id='line_1_27' title="bbox 148 3206 1372 3295; baseline -0.002 -23"><span class='ocrx_word' id='word_1_204' title='bbox 148 3229 235 3292; x_wconf 85' lang='lat' dir='ltr'>eum,</span> <span class='ocrx_word' id='word_1_205' title='bbox 262 3209 318 3292; x_wconf 93' lang='lat' dir='ltr'>qui</span> <span class='ocrx_word' id='word_1_206' title='bbox 342 3210 462 3293; x_wconf 88' lang='lat' dir='ltr'>aliquid</span> <span class='ocrx_word' id='word_1_207' title='bbox 485 3211 624 3295; x_wconf 87' lang='lat' dir='ltr'>patitur,</span> <span class='ocrx_word' id='word_1_208' title='bbox 652 3210 701 3274; x_wconf 85' lang='lat' dir='ltr'>vel</span> <span class='ocrx_word' id='word_1_209' title='bbox 730 3208 840 3292; x_wconf 90' lang='lat' dir='ltr'>adid,</span> <span class='ocrx_word' id='word_1_210' title='bbox 869 3209 902 3271; x_wconf 92' lang='lat' dir='ltr'>in</span> <span class='ocrx_word' id='word_1_211' title='bbox 926 3228 987 3290; x_wconf 91' lang='lat' dir='ltr'>quo</span> <span class='ocrx_word' id='word_1_212' title='bbox 1017 3207 1102 3270; x_wconf 87' lang='lat' dir='ltr'>actio</span> <span class='ocrx_word' id='word_1_213' title='bbox 1130 3206 1182 3290; x_wconf 87' lang='lat' dir='ltr'>fit,</span> <span class='ocrx_word' id='word_1_214' title='bbox 1209 3206 1255 3270; x_wconf 89' lang='lat' dir='ltr'>sic</span> <span class='ocrx_word' id='word_1_215' title='bbox 1282 3206 1372 3270; x_wconf 82' lang='lat' dir='ltr'>datas</span> 
     </span>
     <span class='ocr_line' id='line_1_28' title="bbox 147 3313 1372 3400; baseline -0.002 -22"><span class='ocrx_word' id='word_1_216' title='bbox 147 3337 215 3380; x_wconf 93' lang='lat' dir='ltr'>non</span> <span class='ocrx_word' id='word_1_217' title='bbox 237 3315 265 3378; x_wconf 88' lang='lat' dir='ltr'>is</span> <span class='ocrx_word' id='word_1_218' title='bbox 289 3319 351 3400; x_wconf 83' lang='lat' dir='ltr'>est,</span> <span class='ocrx_word' id='word_1_219' title='bbox 379 3316 433 3400; x_wconf 91' lang='lat' dir='ltr'>qui</span> <span class='ocrx_word' id='word_1_220' title='bbox 457 3316 557 3399; x_wconf 84' lang='lat' dir='ltr'>dedit,</span> <span class='ocrx_word' id='word_1_221' title='bbox 586 3316 642 3380; x_wconf 87' lang='lat' dir='ltr'>sed</span> <span class='ocrx_word' id='word_1_222' title='bbox 665 3316 719 3400; x_wconf 92' lang='lat' dir='ltr'>qui</span> <span class='ocrx_word' id='word_1_223' title='bbox 748 3315 842 3379; x_wconf 85' lang='lat' dir='ltr'>datus</span> <span class='ocrx_word' id='word_1_224' title='bbox 866 3318 929 3399; x_wconf 88' lang='lat' dir='ltr'>est,</span> <span class='ocrx_word' id='word_1_225' title='bbox 957 3314 1009 3378; x_wconf 86' lang='lat' dir='ltr'>vel</span> <span class='ocrx_word' id='word_1_226' title='bbox 1033 3313 1156 3398; x_wconf 91' lang='lat' dir='ltr'>potius,</span> <span class='ocrx_word' id='word_1_227' title='bbox 1184 3313 1240 3398; x_wconf 92' lang='lat' dir='ltr'>qui</span> <span class='ocrx_word' id='word_1_228' title='bbox 1269 3313 1372 3396; x_wconf 85' lang='lat' dir='ltr'>datur,</span> 
     </span>
     <span class='ocr_line' id='line_1_29' title="bbox 148 3420 1371 3510; baseline -0.002 -24"><span class='ocrx_word' id='word_1_229' title='bbox 148 3445 223 3486; x_wconf 92' lang='lat' dir='ltr'>uam</span> <span class='ocrx_word' id='word_1_230' title='bbox 246 3445 287 3486; x_wconf 87' lang='lat' dir='ltr'>ne</span> <span class='ocrx_word' id='word_1_231' title='bbox 311 3423 477 3507; x_wconf 87' lang='lat' dir='ltr'>praeteriti</span> <span class='ocrx_word' id='word_1_232' title='bbox 506 3424 634 3510; x_wconf 89' lang='lat' dir='ltr'>quidem</span> <span class='ocrx_word' id='word_1_233' title='bbox 662 3423 817 3507; x_wconf 88' lang='lat' dir='ltr'>temporis</span> <span class='ocrx_word' id='word_1_234' title='bbox 844 3422 934 3486; x_wconf 90' lang='lat' dir='ltr'>notio</span> <span class='ocrx_word' id='word_1_235' title='bbox 958 3443 1084 3506; x_wconf 90' lang='lat' dir='ltr'>semper</span> <span class='ocrx_word' id='word_1_236' title='bbox 1112 3421 1163 3485; x_wconf 90' lang='lat' dir='ltr'>his</span> <span class='ocrx_word' id='word_1_237' title='bbox 1191 3420 1371 3504; x_wconf 84' lang='lat' dir='ltr'>participiis</span> 
     </span>
     <span class='ocr_line' id='line_1_30' title="bbox 148 3527 1370 3616; baseline -0.002 -24"><span class='ocrx_word' id='word_1_238' title='bbox 148 3529 578 3613; x_wconf 82' lang='lat' dir='ltr'>inerat,vixuterre1uus‚</span> <span class='ocrx_word' id='word_1_239' title='bbox 606 3530 634 3594; x_wconf 90' lang='lat' dir='ltr'>si</span> <span class='ocrx_word' id='word_1_240' title='bbox 657 3552 717 3595; x_wconf 92' lang='lat' dir='ltr'>usu</span> <span class='ocrx_word' id='word_1_241' title='bbox 741 3529 918 3610; x_wconf 85' lang='lat' dir='ltr'>syntactico</span> <span class='ocrx_word' id='word_1_242' title='bbox 945 3527 1104 3610; x_wconf 89' lang='lat' dir='ltr'>paulatim</span> <span class='ocrx_word' id='word_1_243' title='bbox 1133 3547 1171 3616; x_wconf 84' lang='lat' dir='ltr'>ea</span> <span class='ocrx_word' id='word_1_244' title='bbox 1199 3528 1271 3590; x_wconf 87' lang='lat' dir='ltr'>crta</span> <span class='ocrx_word' id='word_1_245' title='bbox 1300 3547 1370 3590; x_wconf 86' lang='lat' dir='ltr'>esse</span> 
     </span>
     <span class='ocr_line' id='line_1_31' title="bbox 148 3633 1370 3720; baseline -0.002 -21"><span class='ocrx_word' id='word_1_246' title='bbox 148 3636 299 3701; x_wconf 88' lang='lat' dir='ltr'>dicamus.</span> <span class='ocrx_word' id='word_1_247' title='bbox 336 3636 435 3720; x_wconf 88' lang='lat' dir='ltr'>quid?</span> <span class='ocrx_word' id='word_1_248' title='bbox 458 3637 628 3720; x_wconf 90' lang='lat' dir='ltr'>participia</span> <span class='ocrx_word' id='word_1_249' title='bbox 647 3657 719 3700; x_wconf 89' lang='lat' dir='ltr'>cum</span> <span class='ocrx_word' id='word_1_250' title='bbox 738 3635 788 3700; x_wconf 89' lang='lat' dir='ltr'>sui</span> <span class='ocrx_word' id='word_1_251' title='bbox 810 3634 889 3698; x_wconf 88' lang='lat' dir='ltr'>iuris</span> <span class='ocrx_word' id='word_1_252' title='bbox 914 3633 1072 3698; x_wconf 87' lang='lat' dir='ltr'>vocabula</span> <span class='ocrx_word' id='word_1_253' title='bbox 1094 3655 1162 3697; x_wconf 92' lang='lat' dir='ltr'>nou</span> <span class='ocrx_word' id='word_1_254' title='bbox 1181 3635 1289 3697; x_wconf 87' lang='lat' dir='ltr'>essent</span> <span class='ocrx_word' id='word_1_255' title='bbox 1311 3653 1370 3698; x_wconf 86' lang='lat' dir='ltr'>nec</span> 
     </span>
     <span class='ocr_line' id='line_1_32' title="bbox 148 3739 1371 3829; baseline -0.003 -21"><span class='ocrx_word' id='word_1_256' title='bbox 148 3744 215 3808; x_wconf 87' lang='lat' dir='ltr'>sine</span> <span class='ocrx_word' id='word_1_257' title='bbox 239 3744 337 3808; x_wconf 84' lang='lat' dir='ltr'>verbo</span> <span class='ocrx_word' id='word_1_258' title='bbox 361 3743 453 3808; x_wconf 87' lang='lat' dir='ltr'>finito</span> <span class='ocrx_word' id='word_1_259' title='bbox 477 3743 613 3829; x_wconf 88' lang='lat' dir='ltr'>cogitari</span> <span class='ocrx_word' id='word_1_260' title='bbox 644 3744 791 3826; x_wconf 86' lang='lat' dir='ltr'>possent,</span> <span class='ocrx_word' id='word_1_261' title='bbox 819 3760 925 3804; x_wconf 90' lang='lat' dir='ltr'>nonne</span> <span class='ocrx_word' id='word_1_262' title='bbox 949 3742 1204 3804; x_wconf 85' lang='lat' dir='ltr'>consentaneum</span> <span class='ocrx_word' id='word_1_263' title='bbox 1233 3741 1315 3821; x_wconf 88' lang='lat' dir='ltr'>erat,</span> <span class='ocrx_word' id='word_1_264' title='bbox 1343 3739 1371 3804; x_wconf 88' lang='lat' dir='ltr'>si</span> 
     </span>
     <span class='ocr_line' id='line_1_33' title="bbox 148 3845 1372 3930; baseline -0.003 -16"><span class='ocrx_word' id='word_1_265' title='bbox 148 3849 326 3915; x_wconf 83' lang='lat' dir='ltr'>sexcenties</span> <span class='ocrx_word' id='word_1_266' title='bbox 348 3847 539 3916; x_wconf 89' lang='lat' dir='ltr'>adverbum</span> <span class='ocrx_word' id='word_1_267' title='bbox 560 3849 687 3914; x_wconf 88' lang='lat' dir='ltr'>finitum</span> <span class='ocrx_word' id='word_1_268' title='bbox 710 3846 878 3930; x_wconf 88' lang='lat' dir='ltr'>praeteriti</span> <span class='ocrx_word' id='word_1_269' title='bbox 901 3845 1057 3930; x_wconf 89' lang='lat' dir='ltr'>temporis</span> <span class='ocrx_word' id='word_1_270' title='bbox 1077 3845 1276 3928; x_wconf 85' lang='lat' dir='ltr'>accederent,</span> <span class='ocrx_word' id='word_1_271' title='bbox 1299 3845 1372 3928; x_wconf 89' lang='lat' dir='ltr'>ipsa</span> 
     </span>
     <span class='ocr_line' id='line_1_34' title="bbox 148 3952 1370 4042; baseline -0.004 -21"><span class='ocrx_word' id='word_1_272' title='bbox 148 3978 274 4041; x_wconf 89' lang='lat' dir='ltr'>quoque</span> <span class='ocrx_word' id='word_1_273' title='bbox 306 3957 389 4023; x_wconf 89' lang='lat' dir='ltr'>hanc</span> <span class='ocrx_word' id='word_1_274' title='bbox 422 3957 694 4042; x_wconf 83' lang='lat' dir='ltr'>significationem</span> <span class='ocrx_word' id='word_1_275' title='bbox 726 3959 890 4038; x_wconf 88' lang='lat' dir='ltr'>postremo</span> <span class='ocrx_word' id='word_1_276' title='bbox 923 3952 1090 4016; x_wconf 81' lang='lat' dir='ltr'>induisse?</span> <span class='ocrx_word' id='word_1_277' title='bbox 1146 3952 1255 4036; x_wconf 88' lang='lat' dir='ltr'>itaque</span> <span class='ocrx_word' id='word_1_278' title='bbox 1289 3974 1370 4036; x_wconf 91' lang='lat' dir='ltr'>quae</span> 
     </span>
     <span class='ocr_line' id='line_1_35' title="bbox 147 4057 1369 4148; baseline -0.003 -22"><span class='ocrx_word' id='word_1_279' title='bbox 147 4061 260 4128; x_wconf 85' lang='lat' dir='ltr'>Graeci</span> <span class='ocrx_word' id='word_1_280' title='bbox 283 4062 529 4148; x_wconf 84' lang='lat' dir='ltr'>significationis</span> <span class='ocrx_word' id='word_1_281' title='bbox 552 4062 737 4146; x_wconf 86' lang='lat' dir='ltr'>temporalis</span> <span class='ocrx_word' id='word_1_282' title='bbox 759 4060 947 4125; x_wconf 89' lang='lat' dir='ltr'>discrimina</span> <span class='ocrx_word' id='word_1_283' title='bbox 969 4059 1067 4125; x_wconf 84' lang='lat' dir='ltr'>variis</span> <span class='ocrx_word' id='word_1_284' title='bbox 1090 4057 1202 4124; x_wconf 86' lang='lat' dir='ltr'>formis</span> <span class='ocrx_word' id='word_1_285' title='bbox 1222 4061 1369 4122; x_wconf 89' lang='lat' dir='ltr'>accurate</span> 
     </span>
     <span class='ocr_line' id='line_1_36' title="bbox 146 4165 1371 4254; baseline -0.004 -21"><span class='ocrx_word' id='word_1_286' title='bbox 146 4169 325 4235; x_wconf 86' lang='lat' dir='ltr'>describere</span> <span class='ocrx_word' id='word_1_287' title='bbox 343 4174 508 4254; x_wconf 85' lang='lat' dir='ltr'>poterant,</span> <span class='ocrx_word' id='word_1_288' title='bbox 531 4192 568 4234; x_wconf 90' lang='lat' dir='ltr'>ea</span> <span class='ocrx_word' id='word_1_289' title='bbox 582 4168 722 4233; x_wconf 85' lang='lat' dir='ltr'>Romani</span> <span class='ocrx_word' id='word_1_290' title='bbox 740 4171 831 4232; x_wconf 85' lang='lat' dir='ltr'>tanta</span> <span class='ocrx_word' id='word_1_291' title='bbox 849 4167 1027 4231; x_wconf 86' lang='lat' dir='ltr'>formarum</span> <span class='ocrx_word' id='word_1_292' title='bbox 1046 4167 1204 4232; x_wconf 76' lang='lat' dir='ltr'>varietate</span> <span class='ocrx_word' id='word_1_293' title='bbox 1224 4165 1371 4230; x_wconf 86' lang='lat' dir='ltr'>destituti</span> 
     </span>
     <span class='ocr_line' id='line_1_37' title="bbox 147 4274 1370 4361; baseline -0.004 -21"><span class='ocrx_word' id='word_1_294' title='bbox 147 4276 205 4340; x_wconf 91' lang='lat' dir='ltr'>uui</span> <span class='ocrx_word' id='word_1_295' title='bbox 223 4277 399 4361; x_wconf 88' lang='lat' dir='ltr'>eidemque</span> <span class='ocrx_word' id='word_1_296' title='bbox 412 4277 581 4361; x_wconf 89' lang='lat' dir='ltr'>participio</span> <span class='ocrx_word' id='word_1_297' title='bbox 601 4280 767 4361; x_wconf 85' lang='lat' dir='ltr'>assignare</span> <span class='ocrx_word' id='word_1_298' title='bbox 793 4274 896 4339; x_wconf 88' lang='lat' dir='ltr'>coacti</span> <span class='ocrx_word' id='word_1_299' title='bbox 920 4277 1021 4339; x_wconf 84' lang='lat' dir='ltr'>erant.</span> <span class='ocrx_word' id='word_1_300' title='bbox 1059 4296 1140 4359; x_wconf 90' lang='lat' dir='ltr'>quac</span> <span class='ocrx_word' id='word_1_301' title='bbox 1164 4274 1191 4337; x_wconf 90' lang='lat' dir='ltr'>si</span> <span class='ocrx_word' id='word_1_302' title='bbox 1215 4276 1370 4350; x_wconf 87' lang='lat' dir='ltr'>tenemus,</span> 
     </span>
     <span class='ocr_line' id='line_1_38' title="bbox 147 4378 1369 4467; baseline -0.003 -20"><span class='ocrx_word' id='word_1_303' title='bbox 147 4405 214 4447; x_wconf 91' lang='lat' dir='ltr'>non</span> <span class='ocrx_word' id='word_1_304' title='bbox 247 4383 449 4467; x_wconf 89' lang='lat' dir='ltr'>mirabimur,</span> <span class='ocrx_word' id='word_1_305' title='bbox 481 4383 577 4448; x_wconf 90' lang='lat' dir='ltr'>modo</span> <span class='ocrx_word' id='word_1_306' title='bbox 610 4383 789 4466; x_wconf 86' lang='lat' dir='ltr'>praesentis</span> <span class='ocrx_word' id='word_1_307' title='bbox 821 4381 955 4446; x_wconf 86' lang='lat' dir='ltr'>notione</span> <span class='ocrx_word' id='word_1_308' title='bbox 987 4381 1158 4465; x_wconf 85' lang='lat' dir='ltr'>participia</span> <span class='ocrx_word' id='word_1_309' title='bbox 1191 4378 1307 4444; x_wconf 83' lang='lat' dir='ltr'>suffixo</span> <span class='ocrx_word' id='word_1_310' title='bbox 1340 4383 1369 4444; x_wconf 85' lang='lat' dir='ltr'>to</span> 
     </span>
     <span class='ocr_line' id='line_1_39' title="bbox 146 4487 1368 4574; baseline -0.003 -20"><span class='ocrx_word' id='word_1_311' title='bbox 146 4489 321 4556; x_wconf 86' lang='lat' dir='ltr'>terminata</span> <span class='ocrx_word' id='word_1_312' title='bbox 347 4491 410 4574; x_wconf 88' lang='lat' dir='ltr'>uti,</span> <span class='ocrx_word' id='word_1_313' title='bbox 436 4488 532 4553; x_wconf 92' lang='lat' dir='ltr'>modo</span> <span class='ocrx_word' id='word_1_314' title='bbox 562 4488 689 4572; x_wconf 86' lang='lat' dir='ltr'>aoristi,</span> <span class='ocrx_word' id='word_1_315' title='bbox 717 4488 813 4553; x_wconf 91' lang='lat' dir='ltr'>modo</span> <span class='ocrx_word' id='word_1_316' title='bbox 842 4487 989 4571; x_wconf 89' lang='lat' dir='ltr'>perfeeti;</span> <span class='ocrx_word' id='word_1_317' title='bbox 1016 4509 1135 4552; x_wconf 92' lang='lat' dir='ltr'>nomen</span> <span class='ocrx_word' id='word_1_318' title='bbox 1163 4489 1272 4551; x_wconf 86' lang='lat' dir='ltr'>autem</span> <span class='ocrx_word' id='word_1_319' title='bbox 1299 4508 1368 4571; x_wconf 89' lang='lat' dir='ltr'>per·</span> 
     </span>
     <span class='ocr_line' id='line_1_40' title="bbox 146 4595 1044 4682; baseline -0.004 -22"><span class='ocrx_word' id='word_1_320' title='bbox 146 4597 223 4662; x_wconf 87' lang='lat' dir='ltr'>fecti</span> <span class='ocrx_word' id='word_1_321' title='bbox 246 4598 369 4682; x_wconf 86' lang='lat' dir='ltr'>passivi</span> <span class='ocrx_word' id='word_1_322' title='bbox 392 4618 431 4661; x_wconf 84' lang='lat' dir='ltr'>ex</span> <span class='ocrx_word' id='word_1_323' title='bbox 454 4619 515 4660; x_wconf 89' lang='lat' dir='ltr'>usu</span> <span class='ocrx_word' id='word_1_324' title='bbox 537 4595 676 4659; x_wconf 85' lang='lat' dir='ltr'>maxime</span> <span class='ocrx_word' id='word_1_325' title='bbox 699 4595 832 4679; x_wconf 85' lang='lat' dir='ltr'>vulgato</span> <span class='ocrx_word' id='word_1_326' title='bbox 856 4596 962 4658; x_wconf 88' lang='lat' dir='ltr'>ortum</span> <span class='ocrx_word' id='word_1_327' title='bbox 987 4596 1044 4656; x_wconf 88' lang='lat' dir='ltr'>est.</span> 
     </span>
    </p>
   </div>
   <div class='ocr_carea' id='block_1_4' title="bbox 0 0 1670 5228">
    <p class='ocr_par' dir='ltr' id='par_1_7' title="bbox 0 0 1670 5228">
     <span class='ocr_line' id='line_1_41' title="bbox 0 0 1670 5228; baseline 0 3"><span class='ocrx_word' id='word_1_328' title='bbox 0 0 1670 5228; x_wconf 95' lang='lat' dir='ltr'> </span> 
     </span>
    </p>
   </div>
  </div>
 </body>
</html>
