3330 5228
425 318 466 372 De
485 317 697 389 participiorum
715 335 767 372 usn
787 316 962 371 attributivo.
1268 313 1311 378 63

84 481 310 567 coniungitur,
335 503 351 544 e
376 482 620 566 quoquomodo
645 480 837 566 significatio
861 479 970 544 finalis
990 483 1062 544 orta
1085 480 1128 544 sit
1149 479 1245 544 facile
1265 483 1314 544 est

84 589 125 653 ad
144 587 410 672 intellegendum.
449 609 486 652 ac
505 587 630 652 classici
649 609 730 672 quos
754 591 874 652 vocant
896 587 1069 671 scriptores
1089 591 1121 652 et
1139 583 1311 650 Sallustius
1329 617 1332 632 =

84 697 169 759 hunc
194 716 288 758 usum
312 714 443 776 prorsus
468 694 631 779 respuisse
655 693 810 759 videntur.
843 693 953 759 Livius
978 697 1011 759 et
1033 691 1177 758 Velleius
1202 693 1311 758 admo·

84 802 160 866 dum
190 823 285 884 parce
315 799 526 885 admiserunt,
558 799 689 866 Tacitus
719 803 826 866 autem
859 822 979 887 magna
1006 799 1185 865 delectione
1212 801 1247 864 in
1275 821 1312 864 eo

84 907 289 972 versabatur.
327 907 434 973 differt
457 908 556 993 igitur
578 908 639 972 hac
667 908 701 972 in
724 930 759 973 re
782 930 858 972 usus
882 909 1095 992 posteriorum
1121 907 1321 990 scriptorum

85 1037 106 1077 a
134 1014 279 1098 priorum
307 1015 367 1098 ita,
397 1018 434 1079 ut
460 1013 496 1078 hi
524 1016 704 1079 structurae
729 1014 877 1080 adiectivi
905 1037 978 1080 cum
1007 1015 1116 1080 dativo
1145 1013 1313 1099 gerundivi

86 1122 252 1186 coniuncti
280 1121 466 1204 praeferant
494 1143 589 1186 usum
611 1121 860 1206 praepositionis
885 1122 930 1187 ad
954 1144 1027 1187 cum
1050 1122 1234 1188 accusativo
1259 1142 1313 1207 ge·

85 1226 216 1292 rundivi
239 1227 437 1292 coniunctae.
474 1230 616 1291 ceterum
640 1227 723 1293 sicut
742 1226 888 1311 Tacitus,
910 1228 1091 1313 ubicunque
1116 1231 1311 1294 structuram
1368 1213 1371 1220 ⁴

86 1334 333 1398 insolentiorem
364 1333 510 1417 adhibet,
539 1354 610 1397 eam
633 1355 699 1398 non
727 1337 915 1419 repentest
943 1334 1078 1418 abrupte
1102 1356 1160 1399 suo
1188 1335 1311 1399 dicendi

86 1441 159 1504 usui
183 1440 297 1525 infert,
326 1441 381 1505 sed
406 1464 425 1505 a
448 1441 544 1505 rebus
569 1439 769 1525 simplicibus
792 1439 1036 1525 notissimisque
1060 1441 1100 1505 ad
1123 1441 1312 1506 remotiores

86 1549 119 1612 et
137 1546 310 1610 inusitatas
329 1547 375 1611 ita
389 1547 555 1632 processit,
574 1550 610 1611 ut
630 1547 758 1632 singula
773 1547 951 1612 subtilioris
970 1548 1127 1612 transitus
1141 1548 1314 1613 intervalla

88 1675 146 1718 sua
166 1675 291 1738 qusque
315 1653 452 1718 materia
475 1653 613 1738 expleat,
633 1653 679 1718 sic
698 1653 794 1718 etiam
811 1654 874 1718 hac
892 1653 926 1718 in
945 1676 979 1720 re
998 1653 1125 1719 dativus
1144 1655 1314 1739 gerundivi

88 1783 184 1845 saepe
203 1761 349 1846 iungitur
363 1782 436 1825 cum
454 1760 575 1825 talibus
597 1760 772 1844 adiectivis‚
792 1782 872 1844 quae
887 1782 1082 1847 quamquam
1095 1783 1152 1848 per
1167 1785 1200 1827 se
1214 1762 1313 1828 haud-

88 1888 249 1950 quaquam
274 1870 352 1951 apta
375 1889 444 1932 asse
469 1867 630 1953 videntur,
652 1871 761 1932 tamen
784 1889 857 1932 cum
880 1867 920 1932 iis
944 1869 1124 1953 adiectivis‚
1154 1891 1235 1955 quae
1260 1870 1314 1934 ad·

88 1974 220 2038 modurn
238 1973 363 2039 usitata
377 1977 462 2059 sunt,
480 1977 637 2058 tanquam
657 1974 753 2040 scalis
772 1976 863 2040 nullo
883 1975 986 2058 gradu
1005 1975 1126 2041 omisso
1141 1977 1314 2042 coniuncta

89 2082 175 2142 sunt.
225 2080 332 2163 itaque
366 2101 405 2144 ex
444 2102 479 2145 re
518 2101 587 2145 esse
624 2080 752 2146 videtur
788 2081 898 2145 omnia
933 2081 1106 2167 adiectus,
1138 2104 1220 2167 quae
1252 2082 1315 2146 huc

89 2190 249 2270 spectant,
274 2186 447 2252 secundum
470 2187 614 2252 ordinem
637 2186 729 2252 illum
753 2209 952 2253 enumerare:

622 2295 780 2360 secundus

608 2402 793 2486 auspicatus

646 2509 753 2593 impar

645 2615 759 2680 melior

634 2721 767 2786 idoneus

653 2832 748 2911 aptus

598 2937 799 3018 opportunus

629 3041 772 3105 intentus

655 3152 745 3213 tutus

650 3254 752 3319 facilis

648 3362 757 3445 potior

520 3535 533 3562 ο
635 3470 769 3550 paratus

618 3577 787 3659 promptus

630 3681 778 3766 egregius

909 2605 917 2640 l

640 3788 764 3853 validus

610 3895 791 3960 incuriosus

630 4000 774 4067 famosus

655 4129 756 4194 sagax

642 4215 760 4279 nimius

624 4320 776 4384 inhabilis

578 4427 832 4512 impenetrabilis

639 4533 774 4599 callidus

431 4641 604 4707 clementer
628 4663 800 4727 assurgens
819 4639 972 4728 (Partic.)
1026 4709 1028 4712 ,
