3330 5228
282 310 324 374 58
813 313 904 382 Caput
922 312 969 366 ΙΙΙ.

283 473 399 541 Caesar
419 476 614 558 pretiumque
646 476 770 540 aedium
797 475 927 542 Aurelio
960 475 1068 542 tribuit
1096 477 1266 559 eropaudae
1291 496 1350 560 per
1385 475 1513 542 incesta

277 602 429 664 nunnae
450 603 581 666 capreus

559 758 620 814 111.
650 758 693 812 lle
712 757 868 827 genetivo,
888 757 941 828 qni
959 757 1070 827 pendet
1088 773 1106 813 a
1125 759 1229 815 verbo.

371 885 456 949 Anu.
476 884 533 968 IV,
552 885 594 950 29
628 890 693 950 turn
721 891 879 951 ansata
905 884 960 952 (ln.
988 886 1156 951 Lentulum
1187 892 1216 951 et
1245 885 1351 952 Seiurn
1380 887 1512 952 Tubero

284 1013 354 1058 uern
376 993 521 1057 noninat
540 1013 652 1075 rnapno
674 994 793 1075 produc
816 990 959 1058 Caesaris
981 1013 1050 1057 cunr
1066 992 1221 1074 prirnues
1247 995 1381 1058 ciuitatis
1404 995 1513 1058 intimi

282 1101 382 1182 ipsius
405 1099 499 1163 arniei
516 1099 668 1164 Lentulus
689 1101 848 1165 senectutis
870 1104 1021 1164 eutreruoe
1042 1099 1158 1166 Tubero
1181 1100 1292 1181 defecto
1314 1121 1438 1183 corpore
1463 1105 1512 1164 tu-

282 1206 398 1271 rnultus
420 1205 539 1270 bostitis
557 1209 586 1270 et
604 1206 773 1271 bubonem
794 1207 840 1270 rei
855 1206 1000 1288 publicae
1022 1211 1253 1272 accusarentur.
1291 1205 1412 1290 V1,10
1435 1208 1513 1288 quia

283 1313 474 1395 occupandae
491 1312 537 1376 rei
549 1312 692 1394 publicu
709 1314 802 1396 arpui
819 1334 882 1378 nou
895 1319 1042 1396 poteraut
1057 1313 1094 1379 ob
1113 1315 1259 1379 lacrimas
1276 1313 1511 1380 irascebantur.

849 1548 869 1626 5
895 1545 944 1610 12.

797 1681 846 1734 De
870 1677 995 1735 dativo.

373 1812 461 1888 Quae
494 1812 532 1875 de
565 1811 714 1895 genetivo
745 1811 944 1895 monuimus„
977 1833 1015 1875 sa
1047 1811 1146 1876 etiam
1178 1813 1218 1876 ad
1251 1813 1395 1878 dativum
1427 1813 1510 1877 refe-

282 1918 382 1983 renda
406 1921 489 1983 sunt.

283 2165 422 2234 langen,
440 2165 535 2233 Lust,
550 2164 599 2219 sed
613 2181 685 2233 quae
699 2164 817 2220 dicimus
832 2167 1024 2223 Gemiither.
1054 2181 1139 2234 quare
1156 2168 1233 2222 locus
1247 2167 1296 2222 ille
1310 2167 1384 2223 Vell.
1399 2167 1509 2223 Patere.

283 2255 322 2322 ΙΙ,
341 2261 358 2310 4
375 2255 401 2309 si
419 2255 444 2308 ie
462 2255 637 2324 occupandae
654 2255 696 2308 rei
714 2255 844 2324 publicae
862 2257 985 2310 aninum
1002 2257 1151 2325 trabuisset,
1175 2273 1257 2324 quem
1284 2255 1374 2310 Wolff
1393 2256 1510 2325 profert,

283 2360 339 2398 non
363 2343 509 2396 confirmat
531 2342 589 2398 eius
613 2341 794 2411 sententiam,
818 2345 868 2397 sed
889 2343 1002 2401 refutat.
1043 2361 1133 2413 neque
1156 2343 1230 2398 Witt
1252 2346 1359 2399 rectam
1382 2345 1510 2415 genetivi

283 2431 420 2487 rationem
443 2431 585 2502 perspexit
611 2432 736 2486 statuens
761 2450 822 2488 esse
845 2433 1007 2504 genetivum
1027 2433 1186 2502 qualitatis,
1213 2450 1285 2503 quae
1314 2434 1410 2505 opinio
1438 2434 1511 2489 mihi

284 2520 432 2589 arrideret,
453 2519 477 2573 si
496 2520 609 2575 Tacitus
629 2519 799 2590 scripsisset:
824 2525 854 2577 et
871 2523 978 2576 Drusus
997 2522 1136 2592 petendae
1156 2520 1287 2577 ePiscns
1306 2521 1422 2577 ultionis
1441 2523 1509 2593 llly-

282 2609 356 2664 riocs
376 2609 412 2664 ad
432 2607 569 2663 exereitus
592 2609 734 2679 profectus
759 2612 810 2664 est.
848 2611 914 2666 sunt
936 2610 1035 2678 etiam,
1060 2611 1108 2678 qui
1132 2610 1197 2665 ante
1221 2611 1391 2679 petendas
1416 2628 1431 2665 e
1454 2611 1510 2665 Pi·

285 2716 365 2754 sone
387 2697 533 2753 ultionis
558 2699 708 2768 suppleant
731 2698 937 2753 substantivum
961 2715 1031 2768 spe,
1056 2700 1131 2767 quod
1153 2715 1322 2768 quamquam
1344 2700 1509 2770 palaeogra-

283 2786 374 2857 phicie
393 2804 462 2857 quae
480 2790 584 2843 vocant
601 2787 757 2843 rationibus
776 2805 832 2844 non
851 2787 911 2842 sinc
929 2788 1058 2844 veritatis
1077 2787 1171 2859 specie
1190 2805 1250 2844 erse
1269 2789 1393 2857 videtur,
1412 2789 1510 2843 tamen

283 2894 340 2931 uon
357 2876 448 2931 minus
467 2875 537 2930 mihi
554 2874 700 2946 displicet,
720 2893 803 2945 quam
822 2874 926 2945 siquis
945 2876 974 2930 in
993 2875 1160 2931 difficillimo
1179 2877 1229 2932 illo
1247 2877 1311 2932 loco
1331 2877 1508 2945 ann.lll,19

283 2968 308 3020 ie
332 2967 398 3033 finis
423 2966 480 3032 suit
506 2967 661 3020 ulciscendo
680 2965 839 3021 Gerniouiei
864 2971 948 3021 morte
974 2967 1040 3020 ante
1063 2983 1123 3022 voc.
1147 2965 1349 3021 ulciscenda
1377 2966 1509 3036 supplere

284 3055 372 3110 vellet
390 3053 629 3124 praepositionem
646 3053 693 3122 in,
713 3054 812 3122 quibus
832 3053 972 3109 decausis
991 3071 1047 3109 non
1065 3053 1270 3123 intellegimus,
1290 3072 1338 3109 cur
1356 3054 1411 3109 viri
1429 3053 1508 3108 docti

283 3143 466 3198 reformident
485 3159 544 3198 voc.
565 3145 700 3198 erectus
722 3160 773 3213 pro
797 3141 939 3198 adiectivo
962 3142 1081 3198 relativo
1099 3142 1218 3208 habere,
1241 3161 1259 3198 a
1282 3160 1337 3212 quo
1360 3142 1508 3214 genetivus

281 3233 412 3302 petendae
429 3233 544 3287 ultiouis
562 3232 711 3301 dependet.
748 3232 817 3286 licet
834 3233 861 3286 ci
879 3231 1011 3302 iungatur
1030 3249 1093 3287 anu.
1111 3232 1151 3300 Il,
1171 3239 1217 3301 71,
1236 3231 1302 3286 hist.
1317 3233 1358 3302 ΙΙ,
1374 3238 1407 3287 74
1426 3248 1506 3302 prae·

282 3321 387 3392 positio
406 3320 447 3376 ad
465 3321 511 3376 vel
529 3320 563 3375 in
584 3353 616 3360 -
636 3338 727 3376 nonne
746 3323 805 3375 tam
819 3321 909 3376 multa
928 3323 992 3374 eunt
1005 3322 1080 3391 apud
1094 3320 1238 3389 Tacitum,
1256 3337 1329 3389 qnae
1348 3323 1426 3376 certa
1443 3321 1507 3390 lege

283 3429 396 3482 prorsus
415 3413 529 3465 carent?
547 3408 619 3463 sicut
636 3410 794 3479 relegemus
812 3410 848 3463 ad
867 3408 1048 3479 participium
1066 3410 1199 3478 captus,
1223 3408 1298 3477 quod
1317 3407 1347 3464 in
1365 3408 1508 3465 locutione

284 3502 405 3570 captus
424 3497 527 3554 animi
546 3498 622 3568 (hist.
641 3497 693 3566 ΙΙΙ,
714 3499 759 3567 73)
782 3497 929 3568 evulgari
954 3514 1006 3552 usu
1025 3495 1140 3552 recedit.
1173 3497 1298 3551 conferas
1322 3496 1408 3552 etiam
1431 3496 1508 3551 locu-

284 3588 389 3644 tionem
411 3604 532 3644 vereus
555 3585 661 3642 animi
684 3585 758 3655 (hist.
778 3587 825 3655 IV,
845 3588 902 3656 84),
928 3585 1026 3640 similis
1050 3584 1123 3640 ratio
1142 3585 1186 3640 est
1204 3583 1340 3640 adiectivi
1362 3584 1509 3640 validus.

283 3677 369 3732 etiam
387 3677 443 3731 hoc
461 3676 629 3742 vocabulum
648 3673 783 3730 adiectivi
800 3673 914 3730 relativi
931 3673 993 3729 vice
1011 3673 1150 3744 fungitur,
1174 3690 1345 3743 quamquam
1362 3671 1510 3743 primitiva

285 3763 454 3833 significatio
475 3764 533 3818 eius
551 3743 641 3818 inulto
660 3761 749 3832 magis
769 3781 854 3832 quam
871 3780 932 3818 voc.
951 3763 1089 3818 erectus
1107 3761 1172 3816 hnic
1190 3761 1254 3816 usui
1268 3760 1413 3818 adversari
1430 3761 1508 3816 vide-

283 3855 329 3908 tur
348 3855 377 3907 et
395 3852 460 3908 aliis
478 3852 548 3908 locis
564 3870 626 3906 cum
644 3850 854 3921 praepositione
873 3852 914 3906 ad
933 3849 1114 3921 coniungitur
1131 3853 1205 3916 (ann.
1225 3850 1275 3918 Vl,
1296 3851 1349 3918 29).
1377 3847 1510 3920 gravissi·

284 3959 360 3996 mum
384 3941 504 4010 denique
527 3943 723 4012 argumentum
741 3940 772 3994 id
794 3941 904 3996 accedit
921 3941 998 4011 quod
1022 3956 1085 3994 ann.
1104 3940 1152 4005 IV,
1172 3945 1205 3994 59
1233 3941 1300 3994 dum
1317 3957 1336 3995 a
1358 3940 1463 3994 libertis
1484 3945 1510 3994 et

283 4031 426 4087 clientibus
444 4031 606 4100 apiscendae
624 4030 763 4098 potentiae
781 4030 908 4098 properis
926 4029 1132 4096 eastimuiatur,
1151 4033 1183 4082 ut
1201 4033 1316 4082 uectum
1338 4033 1371 4082 et,
1384 4029 1510 4096 fidentem

283 4120 372 4176 animi
394 4120 541 4174 ostenderet
564 4135 625 4173 voc.
644 4119 778 4173 erectus
802 4116 935 4174 adieetivi
957 4115 1069 4170 relativi
1088 4117 1148 4171 vice
1171 4115 1247 4170 haud
1271 4115 1355 4170 dubie
1374 4114 1509 4186 iungitur.

355 4208 431 4263 Haeo
450 4211 493 4264 cst
511 4207 707 4278 interpretatio
726 4206 803 4262 illius
821 4205 889 4274 loci,
911 4206 960 4275 qui
977 4222 1029 4275 per
1047 4222 1076 4260 ee
1095 4205 1238 4274 spectatus
1253 4203 1361 4273 aliquid
1379 4203 1509 4260 offensio·

282 4297 326 4354 nis
345 4297 444 4365 habet,
468 4315 502 4352 ex
519 4296 614 4352 indole
632 4298 727 4352 sutem
745 4295 832 4352 totins
851 4294 975 4349 Tacitini
998 4293 1131 4363 loquendi
1154 4310 1220 4347 usne
1244 4293 1350 4362 optime
1375 4292 1510 4364 explicari

283 4387 385 4457 potest.
405 4417 438 4426 -
458 4388 550 4455 Atque
568 4385 619 4440 illa
637 4385 726 4441 literis
741 4386 875 4438 mandata
889 4385 981 4452 erant,
1001 4401 1064 4438 cum
1083 4382 1204 4437 vidimus
1224 4399 1308 4451 quam
1326 4397 1377 4436 nos
1391 4381 1509 4450 protuli·

283 4494 345 4530 mos
368 4474 548 4544 seutentiam,
573 4475 691 4530 eandem
713 4474 798 4529 etiam
821 4474 853 4527 Ε.
872 4473 1041 4528 Hoffmanuo
1064 4473 1170 4542 (Jahrb.
1194 4471 1214 4527 f.
1232 4470 1303 4540 phil.
1322 4490 1349 4525 u.
1368 4469 1509 4540 padagog.

286 4571 343 4620 109.
368 4579 431 4634 pag.
451 4565 515 4632 554)
538 4562 669 4631 arridere,
688 4579 859 4632 quamquem
881 4561 924 4616 vir
937 4560 986 4616 ille
1005 4560 1182 4616 doctissimus
1201 4575 1258 4614 non
1276 4559 1418 4628 exposuit,
1443 4575 1509 4628 qua

284 4652 318 4708 in
336 4668 370 4708 re
389 4651 551 4724 Nipperdey
570 4653 599 4708 et
617 4651 742 4723 Draeger
760 4651 790 4706 et
807 4649 881 4706 Witt
899 4647 1061 4706 erraverint.
