3330 5228
254 306 298 368 46
314 353 317 356 .
797 301 889 372 Caput
906 303 940 356 II.

255 473 321 532 tum
348 469 470 532 auimos
495 467 679 532 accendebat.
717 464 786 551 Iug.
813 467 890 548 1,2
918 469 1024 530 coutra
1052 465 1222 545 reputando
1256 483 1352 545 66966
1380 465 1486 528 maius

257 575 346 638 aliud
366 593 397 638 sc
417 573 579 656 7677966676
601 574 665 637 6767
683 574 787 638 odium
809 591 954 653 quaerere
975 575 1125 634 extremae
1143 572 1312 635 demeuliae
1333 575 1384 634 667.
1417 569 1485 652 4,2

256 702 295 744 66
316 701 375 762 per
400 681 597 745 iusoleutiam
624 681 693 762 quis
716 680 877 744 existumet
903 681 1011 742 memet
1032 677 1170 741 studium
1196 698 1298 742 meum
1322 676 1484 740 7666766676

257 787 402 852 extollere.
446 789 480 870 7,
504 788 524 852 2
547 807 675 868 speruus
696 777 743 850 ael
766 786 943 851 ostoutauclo
965 786 1109 849 uirtutem
1130 784 1177 849 ool
1198 783 1331 849 bostium
1354 784 1485 848 saeuitia

256 894 349 975 facilc
370 895 414 958 ad
434 915 502 958 eum
526 913 712 958 occasurum.
754 894 788 976 8,
814 894 830 956 1
858 892 944 972 suere
966 892 1135 973 complures
1163 892 1236 955 ucri
1258 895 1348 972 atque
1370 889 1485 956 mobiles

258 1051 344 1065 ....
372 1002 426 1083 qui
452 1000 624 1083 1696677666
650 1020 714 1064 uou
741 1001 920 1064 mediocrem
952 1000 1094 1063 auimum
1116 998 1317 1080 pollicitando
1344 999 1483 1063 accende·

257 1107 339 1172 beret.
383 1108 437 1191 13,
466 1108 485 1172 6
513 1127 706 1189 9666666966
733 1107 858 1188 possiet
888 1106 1051 1188 laryiuuolo
1078 1125 1198 1187 parare
1228 1125 1267 1169 uc
1297 1109 1484 1170 cuucteutur.

259 1214 313 1297 16,
336 1213 357 1277 3
385 1214 487 1278 claudo
510 1218 539 1276 et
554 1213 725 1294 pollicendo
748 1214 848 1277 multa
864 1212 1001 1295 putarit.
1042 1211 1098 1294 23,
1124 1212 1141 1274 1
1171 1231 1243 1276 suos
1269 1211 1421 1277 hortaudo
1443 1213 1486 1276 ad

256 1322 399 1384 airtutom
422 1321 565 1402 arriqere.
606 1319 663 1403 23,
686 1320 707 1382 2
736 1339 785 1384 eos
807 1320 907 1384 multa
924 1318 1096 1400 pollicendo
1119 1338 1156 1382 ac
1178 1319 1354 1384 miserando
1377 1339 1485 1384 casum

256 1448 347 1492 suum
375 1428 544 1509 coufirmat.
586 1426 642 1508 25,
669 1426 709 1490 10
736 1447 775 1490 ue
802 1426 938 1508 amulius
965 1426 1115 1490 moraudo
1142 1422 1298 1490 Scaurum
1321 1473 1409 1490 ....
1435 1428 1485 1490 iu·

260 1535 402 1599 ceadual.
444 1534 485 1597 27
491 1584 501 1618 ,
526 1534 543 1597 1
572 1533 711 1616 ministri
738 1534 817 1615 66976
846 1530 1065 1614 interpellando
1093 1552 1130 1595 ac
1152 1552 1240 1614 saeue
1264 1533 1371 1614 qratia
1393 1534 1486 1596 iuter·

260 1643 334 1705 dum
357 1642 468 1724 iuratis
492 1639 638 1704 trulucudo
662 1644 778 1722 tempus
801 1641 993 1703 atrocitatem
1014 1639 1092 1719 facti
1115 1638 1275 1704 leuiebaut.
1306 1639 1359 1721 31,
1383 1640 1425 1703 27
1449 1660 1488 1703 ue

258 1749 445 1830 7966666666
468 1749 561 1812 molis
585 1747 677 1812 bouus
694 1747 852 1828 perditum
911 1746 958 1810 tis.
999 1745 1056 1828 43,
1079 1745 1101 1808 4
1124 1747 1167 1810 ad
1188 1766 1224 1810 ea
1240 1748 1403 1828 patrauclc
1427 1798 1433 1808 .
1453 1797 1488 1810 ..

258 1875 341 1937 66966
367 1856 448 1919 ultro
471 1854 596 1918 auailia
622 1854 776 1918 mittauolo
798 1858 953 1934 postremo
976 1853 1077 1916 amuis
1103 1853 1211 1917 civitas
1237 1873 1358 1918 mammo
1385 1853 1488 1918 studio

259 1961 463 2026 auaitebatur.
506 1960 561 2043 66,
588 1960 604 2022 1
639 1960 772 2024 ciuitatis
798 1979 877 2040 quae
907 1959 946 2023 ab
973 1979 1005 2024 se
1035 1957 1206 2038 defeceram
1234 1959 1402 2039 formidine
1433 1964 1491 2022 aut

260 2070 437 2133 osteutaudo
460 2067 604 2151 praemia
627 2065 779 2144 affectare.
822 2066 876 2149 70,
900 2065 921 2128 2
949 2066 1055 2140 amula
1084 2066 1258 2146 7669766676
1285 2066 1401 2130 socium
1428 2064 1490 2129 sibi

260 2176 404 2258 6677666977
426 2174 629 2240 Nabdalsam.
666 2174 726 2256 81,
749 2173 771 2236 4
793 2193 831 2236 ue
853 2192 957 2236 moras
979 2173 1125 2255 69776666
1148 2172 1239 2236 aliud
1259 2193 1354 2253 quam
1377 2172 1489 2237 bellum

260 2283 373 2347 mallet.
415 2283 472 2367 84,
500 2282 520 2345 2
554 2281 720 2346 ambiuudo
749 2300 850 2362 669666
876 2277 1012 2343 homiues
1040 2279 1173 2343 emeritis
1200 2279 1361 2360 6769667776
1387 2299 1489 2344 secum

260 2389 420 2470 9667767667.
458 2387 513 2471 85,
540 2388 579 2450 13
603 2405 681 2467 quae
702 2385 753 2449 illi
781 2385 878 2450 literis
901 2405 937 2448 ea
959 2405 1010 2466 696
1033 2385 1196 2450 militaudo
1219 2386 1323 2450 didici.
1363 2386 1426 2451 102
1433 2384 1488 2469 ,5

261 2501 287 2559 76
315 2496 406 2560 talem
428 2495 530 2558 uirum
553 2489 746 2576 (Bocchum)
775 2493 809 2556 di
831 2511 974 2556 mouuere
995 2492 1043 2554 uti
1069 2492 1236 2572 aliquaudo
1261 2511 1371 2574 pacem
1393 2511 1489 2572 quem

262 2602 372 2666 tellum
399 2601 506 2666 malles
528 2620 588 2664 ucu
616 2599 814 2680 tooptimum
837 2620 906 2664 cum
927 2600 1061 2682 pessimo
1084 2600 1223 2663 omuium
1246 2598 1403 2681 16966776
1430 2599 1488 2661 mi·

260 2708 368 2772 secuda
396 2706 639 2772 commaculares.
685 2702 761 2768 hist.
784 2703 814 2783 1,
837 2705 893 2789 41,
921 2706 937 2768 1
969 2726 1007 2770 uc
1028 2725 1106 2786 quae
1127 2707 1190 2787 7967
1216 2705 1353 2786 uefauda
1375 2705 1488 2768 existu-

262 2816 356 2879 matis
378 2835 414 2878 ea
431 2834 549 2895 parum
571 2813 724 2876 creduudo
751 2813 787 2876 de
809 2812 884 2876 aliis
906 2813 1199 2876 circumomiamiui.
1240 2811 1270 2895 Ι,
1292 2812 1349 2895 48,
1373 2811 1394 2875 6
1416 2815 1489 2874 cete-

261 2943 333 2986 rum
364 2921 414 2986 illi
445 2921 499 3001 aui
525 2920 625 3002 966776
652 2919 806 2984 Aemiliae
833 2919 903 2984 boue
928 2919 1014 2999 sacta
1040 2919 1223 2984 eulollebaut
1248 2923 1277 2982 el
1302 2917 1489 3001 7966666666

261 3028 368 3109 populi
390 3027 528 3092 Romaui
550 3026 794 3108 mayuitudiuem
816 3027 940 3092 auaissc
963 3045 1117 3107 autequam
1139 3027 1233 3090 etiam
1256 3031 1321 3089 tum
1335 3025 1488 3107 Lepidum

257 3155 455 3216 9669666666
477 3133 607 3197 amburit.
644 3132 685 3196 ib.
709 3133 769 3196 sibi
791 3134 917 3215 quisquc
939 3153 1009 3216 opes
1031 3139 1088 3197 aut
1110 3134 1288 3216 patrocimo
1309 3132 1488 3214 quaerundo

263 3241 426 3305 consilium
448 3239 608 3321 publicum
635 3244 842 3320 caramerum.
884 3239 927 3302 ib.
954 3240 992 3303 17
1021 3260 1080 3321 966
1107 3259 1201 3320 usque
1227 3239 1397 3303 cumtoudo
1424 3258 1489 3302 rem

261 3347 415 3428 mellicam
438 3347 573 3410 iututam
589 3345 765 3426 patiemim.
794 3343 836 3428 ΙΙ,
860 3345 912 3429 96,
931 3347 952 3409 2
972 3346 1073 3427 seems
1094 3346 1257 3411 scribuudo
1279 3347 1489 3429 miltuudoque

264 3454 384 3536 7696766.
420 3449 479 3534 ΙΙΙ,
494 3451 545 3534 61,
563 3451 603 3515 16
627 3472 743 3534 666966
760 3451 818 3516 illa
840 3451 998 3517 cumulum
1021 3452 1153 3534 imperia
1173 3457 1202 3517 et
1217 3458 1349 3536 patrum
1371 3454 1488 3518 decreta

262 3580 315 3623 aas
346 3559 530 3641 6666966666
561 3563 634 3622 rata
664 3558 794 3640 efficitis.
835 3556 972 3643 1661,
996 3559 1039 3623 20
1071 3561 1210 3625 audendo
1237 3565 1266 3624 et
1289 3559 1433 3642 falluudo
1461 3563 1490 3622 67

264 3665 342 3729 bella
365 3687 401 3730 eu
423 3665 509 3730 bellis
530 3666 661 3731 sauudo
684 3667 791 3748 666967
811 3665 897 3746 facti.

570 3841 603 3907 B.
651 3843 694 3906 De
717 3841 868 3925 gerundii
891 3841 1035 3907 ablativo
1058 3841 1185 3908 modali.

355 3981 631 4060 Quemadmodum
659 3985 823 4055 ablativus
850 3985 1111 4050 instrumentalis
1140 3986 1419 4051 substantivorum
1448 3984 1487 4050 ad

266 4091 422 4180 gerundia
445 4092 624 4156 translatus
648 4095 706 4175 667,
729 4093 777 4157 ita
795 4093 894 4156 etiam
914 4093 1076 4157 ablativus
1096 4092 1243 4157 modalis.
1272 4097 1368 4178 atquc
1387 4077 1488 4180 signi-

265 4201 380 4264 ficatur
403 4220 440 4262 eo
468 4220 534 4262 non
562 4221 626 4282 res,
655 4221 718 4282 qua
742 4198 864 4283 aliquid
892 4197 1071 4284 perfectum
1101 4203 1164 4284 667,
1193 4199 1249 4264 sed
1276 4201 1384 4284 potius
1413 4220 1486 4284 quo·

266 4305 361 4370 modo
385 4305 506 4390 aliquid
530 4307 724 4390 processerit
743 4307 795 4372 vel
820 4328 901 4390 quae
924 4328 976 4369 res
997 4306 1156 4370 actionem
1179 4307 1393 4390 principalem
1415 4311 1488 4372 tan-

267 4435 363 4496 quam
375 4416 570 4497 ·sequantur.
601 4412 685 4476 hunc
706 4416 813 4478 autem
833 4411 1012 4476 ablativum
1031 4414 1069 4474 ut
1086 4411 1208 4477 idioma
1227 4434 1285 4476 ruo
1304 4413 1373 4477 iure
1392 4417 1487 4477 utens

267 4519 450 4584 definivisse
481 4520 564 4582 inter
596 4518 709 4583 laudes
740 4517 897 4602 Madvigii
933 4517 1138 4583 referendum
1170 4522 1228 4583 est.
1271 4518 1370 4584 ceteri
1402 4517 1488 4582 enim

267 4631 343 4692 ante
367 4649 440 4689 eum
464 4624 669 4708 grammatici
692 4624 818 4688 nullum
842 4645 912 4688 esse
936 4623 1110 4689 discrimen
1132 4626 1217 4689 inter
1240 4625 1418 4690 ablativum
1440 4625 1488 4688 in-
