3300 5224
490 340 531 395 De
550 341 763 412 participiorum
783 358 835 394 usu
853 341 1056 411 praedicativo.
1325 341 1389 406 109

323 559 362 625 ΙΙ.
395 560 439 623 De
463 556 608 624 ablativo
632 557 781 624 absoluto
804 557 971 641 participii
991 557 1096 623 futuri
1119 558 1231 624 activi.

250 700 421 786 Partioipii
443 701 544 766 futuri
567 699 665 766 activi
689 701 838 767 absolute
857 700 956 784 positi
981 701 1187 786 grammatici
1209 701 1263 766 vix
1286 724 1390 785 pauca

160 810 309 894 exempla
336 808 451 873 afferre
480 809 599 892 solent,
626 807 704 892 quin
732 809 830 874 etiam
859 806 994 872 eundem
1022 807 1129 872 locum
1159 808 1240 873 alius
1265 807 1391 873 exalia

160 915 362 999 exscribunt3
393 917 538 980 attamen
562 916 729 998 complura
757 913 824 978 eius
852 914 980 999 generis
1004 935 1106 999 eaque
1133 914 1392 981 luculentissima

161 1022 310 1105 exempla
342 1021 428 1105 apud
460 1020 610 1086 Tacitum
642 1022 675 1085 in
707 1024 860 1106 promptu
893 1024 977 1085 sunt.
1021 1019 1167 1106 Draeger
1202 1022 1287 1086 hauc
1322 1043 1391 1085 rem

159 1127 257 1212 plane
282 1128 407 1212 omisit,
431 1149 628 1214 quamquam
646 1149 704 1211 pro
729 1149 776 1211 ec,
799 1126 884 1212 quod
906 1125 1018 1191 libello
1042 1126 1086 1192 de
1110 1127 1206 1192 stilo
1231 1129 1268 1191 et
1291 1131 1391 1210 synt.

161 1232 250 1298 Tac.
268 1235 450 1320 proposuit,
468 1235 628 1319 respicere
647 1233 766 1299 debuit.
795 1255 832 1299 ac
851 1232 980 1299 classici
999 1233 1173 1318 scriptores
1191 1233 1278 1298 huno
1296 1255 1391 1298 usum

160 1341 295 1424 perinde
324 1363 361 1407 ac
389 1340 563 1407 Sallustius
593 1345 625 1406 et
647 1340 792 1405 Velleius
821 1339 1082 1405 constantissime
1109 1344 1313 1424 respuerunt,
1336 1364 1392 1405 ne-

160 1469 224 1530 que
256 1448 366 1513 minus
398 1447 528 1514 Livium
563 1470 601 1513 eo
634 1447 831 1512 abstinuisse
860 1469 898 1511 ex
931 1446 1060 1511 silentio
1089 1445 1283 1512 Kuehnastii
1317 1470 1391 1512 cou-

160 1553 283 1640 cludas,
306 1560 417 1622 tamen
439 1578 539 1620 unum
563 1554 746 1639 exemplum
769 1552 886 1637 Zumpt
897 1551 922 1638 ¹)
951 1553 1044 1617 affert
1072 1554 1129 1638 36,
1152 1553 1194 1616 41
1218 1553 1391 1619 Antiochus

158 1682 286 1727 securus
308 1664 475 1728 admodum
498 1663 534 1727 dc
556 1662 631 1727 bello
645 1661 788 1727 Romame
811 1665 879 1726 erut
900 1666 1049 1742 tauquam
1071 1680 1135 1725 mou
1157 1662 1338 1726 ucumturis
1356 1662 1392 1726 iu

158 1769 276 1834 Asiam
299 1769 461 1834 Romuuis.
485 1769 519 1832 in
542 1767 648 1833 Taciti
671 1767 803 1852 scriptis
825 1767 906 1832 haec
928 1769 1059 1851 praesto
1084 1770 1171 1832 sunt:
1195 1767 1328 1852 anull,
1347 1768 1390 1834 80

158 1878 360 1942 cmsistermt
384 1877 419 1941 iu
442 1877 507 1941 acie
528 1895 592 1940 mou
613 1876 803 1958 pugnaturis
830 1873 980 1940 militibus
1007 1873 1060 1937 ubi
1082 1873 1227 1938 Pisouem
1249 1873 1288 1938 ub
1315 1875 1392 1956 opus

151 1987 318 2066 parentem
340 1983 496 2066 quomdam
519 1982 707 2064 appeliatum
731 2033 737 2047 .
757 2030 764 2046 .
784 2033 791 2046 .
814 1981 967 2047 uidissent.
999 1979 1075 2044 hist.
1093 1979 1135 2063 ΙΙ,
1154 1981 1198 2044 32
1220 1982 1393 2064 irrupturis

159 2095 227 2155 tum
250 2089 373 2170 infestis
391 2089 578 2154 uotiombus.
605 2087 647 2166 ll,
663 2089 706 2153 86
728 2089 884 2171 curabat
899 2089 1008 2170 irpeas
1026 2087 1136 2152 beilum
1150 2088 1290 2171 Illyricis
1308 2108 1392 2152 cacr-

159 2197 272 2262 citibus
290 2197 401 2280 polum
424 2195 660 2277 macucmtitus,
683 2196 787 2260 ceteris
807 2195 969 2276 fortunam
991 2194 1147 2286 secuturis.
1176 2192 1235 2276 ΙΙΙ,
1249 2193 1292 2258 56
1308 2195 1393 2277 peri-

162 2304 293 2368 tissimis
316 2303 524 2367 centuriarum
546 2302 793 2367 disscutieutrbus
810 2307 840 2366 et
860 2302 889 2366 si
910 2300 1139 2365 cousulcrmtur
1160 2321 1233 2364 cera
1255 2301 1391 2367 dicturis

159 2409 220 2494 IV,
243 2410 286 2474 39
310 2409 396 2476 baud
420 2410 568 2491 defiumru
595 2410 783 2474 consciorum
814 2428 918 2472 mauu.
948 2443 988 2452 -—
1013 2405 1166 2491 Inprimis
1190 2407 1390 2473 exhibendus

161 2539 233 2582 esse
265 2517 394 2582 videtur
421 2515 659 2600 hiscimus.
710 2516 773 2581 hoc
806 2513 892 2578 enim
916 2513 1098 2597 exemplum
1126 2535 1233 2579 rarum
1266 2537 1324 2598 per
1355 2536 1395 2586 se,

161 2625 271 2709 ipsum
294 2623 433 2688 rariores
456 2645 552 2706 quam
569 2625 676 2686 cetera
698 2622 915 2706 proprietates
939 2643 1016 2705 prae
1041 2642 1074 2684 se
1096 2619 1169 2686 fert.
1205 2643 1272 2686 non
1295 2621 1391 2686 modo

162 2729 202 2794 de
224 2729 399 2814 participio
423 2730 587 2795 obiectum
610 2729 777 2813 dependet,
800 2728 856 2793 sed
880 2727 979 2793 ctiam
1001 2727 1065 2792 toti
1089 2727 1225 2792 ablativi
1248 2727 1388 2792 absolut'

164 2839 347 2902 structurae
370 2835 570 2901 condicionis
589 2836 680 2901 notio
700 2835 812 2899 subest
830 2837 926 2918 atque
947 2833 1015 2898 eius
1033 2834 1171 2919 generis,
1189 2834 1276 2918 quod
1294 2856 1392 2918 supra

162 2943 196 3007 in
220 2941 386 3026 participii
409 2942 469 3007 fut.
493 2945 552 3007 act.
575 2964 636 3008 usu
659 2941 829 3007 tractando
854 2940 914 3004 sub
937 2938 986 3004 IV
1008 2939 1190 3004 accuratius
1219 2940 1391 3024 explicavi-

163 3072 244 3115 mus.
282 3071 385 3134 neque
409 3048 515 3114 minus
539 3047 700 3112 notandus
725 3051 775 3112 est
801 3047 890 3112 locus
913 3046 989 3110 hist.
1012 3044 1070 3129 IV,
1093 3047 1150 3131 39,
1178 3049 1327 3131 spectans
1351 3047 1392 3111 ad

163 3179 236 3221 eam
266 3155 420 3239 speciem,
451 3176 533 3240 quae
563 3155 623 3218 sub
653 3153 684 3218 V
716 3153 883 3218 illustrata
913 3155 971 3217 cst.
1011 3151 1046 3218 in
1076 3153 1255 3218 minoribus
1286 3149 1392 3217 Taciti

163 3263 295 3346 scriptis
319 3284 385 3326 non
409 3263 586 3346 suppetunt
609 3260 763 3342 exempla.

162 3497 205 3578 NL
232 3512 276 3576 De
296 3509 440 3576 ablativo
460 3508 607 3574 absoluto
627 3506 794 3591 partIcipii
816 3505 951 3591 perfecti
969 3505 1140 3573 verborum
1159 3506 1390 3590 deponentium.

254 3653 395 3718 Etiamsi
418 3652 657 3718 concedendum
681 3656 739 3716 est*
752 3651 933 3734 Romanos,
956 3650 1138 3736 ubicunque
1161 3672 1213 3715 res
1236 3652 1392 3734 postulet,

165 3762 203 3822 ut
239 3759 424 3824 absolutum
460 3759 668 3842 participium
705 3757 840 3843 perfecti
872 3757 1027 3840 temporis
1066 3760 1220 3839 ponatur,
1259 3759 1391 3841 passivo

165 3887 284 3950 genere
312 3867 360 3932 uti
378 3867 501 3949 solere,
524 3870 634 3930 tamen
657 3865 811 3948 permulti
840 3864 932 3928 valde
961 3867 1071 3928 errant
1098 3864 1160 3928 viri
1188 3863 1290 3946 docti,
1318 3885 1392 3929 eum

166 3972 328 4038 ablativos
348 3973 516 4036 absolutos
531 3972 705 4036 verborum
723 3971 953 4054 deponentium
972 3968 1107 4052 perfecti
1129 3970 1287 4054 temporis
1307 3970 1392 4053 apud

165 4078 332 4143 Romanos
360 4078 490 4142 omnino
519 4071 815 4160 invenirinegent,
838 4098 934 4160 quam
959 4075 1145 4159 opinionem
1168 4075 1209 4141 H.
1232 4076 1358 4159 Rumpf
1365 4073 1392 4161 2)

164 4186 234 4249 iure
249 4185 455 4269 impugnavit
469 4184 643 4266 multisque
658 4182 815 4266 exemplis
829 4181 957 4246 refellit.
990 4203 1087 4266 quare
1102 4187 1260 4266 quatenus
1274 4183 1336 4247 hoc
1351 4182 1392 4245 ad

165 4291 369 4374 Sallustium,
397 4289 572 4372 Velleium,
596 4289 746 4354 Tacitum
770 4289 940 4372 pertineat,
967 4290 1154 4354 docebimus
1182 4293 1278 4372 atque
1307 4287 1392 4372 apud

238 4509 252 4555 1
287 4503 318 4556 L.
362 4519 383 4553 r.
437 4507 496 4557 643.

236 4504 265 4660 ui
288 4501 362 4643 Treii
384 4507 635 4645 cimmentationes
748 4590 861 4659 scripsit
886 4590 920 4646 Η.
946 4589 1059 4658 Rumpf.
1096 4589 1221 4643 Francos.
1250 4588 1286 4641 ad
1314 4588 1391 4643 Moe-

164 4697 231 4732 num
252 4685 330 4735 1868.
