3330 5228
461 328 503 382 De
521 326 733 398 paaieipiomm
752 343 804 380 usu
822 325 997 382 attributim.
1298 326 1341 390 53

120 492 281 556 naamani
313 491 471 556 rebellione
498 489 690 555 Britanniae
720 477 905 574 conpressa,
940 513 1017 554 nam
1050 513 1176 575 caveas,
1214 513 1254 554 ne
1289 491 1343 554 ab·

120 599 254 662 lativum
281 619 300 661 a
335 619 411 662 voce
443 597 545 660 fama
568 597 706 681 pendere
739 581 916 681 existime's,
944 598 1029 682 quod
1062 599 1089 661 si
1117 619 1228 662 verum
1257 599 1344 662 esset

121 703 253 768 Tacitus
281 703 511 768 rebellionis
539 725 784 788 compressae
813 704 951 768 scribere
980 703 1157 790 debuisset)
1186 708 1280 788 atque
1309 703 1344 767 in

119 813 255 896 utroque
283 831 399 896 genero
424 810 584 876 ablativus
609 833 680 876 eam
707 811 873 876 notionem
897 812 1054 894 continet,
1083 833 1146 894 qua
1174 799 1368 894 indicatur,'

120 918 280 1001 quomodo
308 918 341 981 id
365 917 507 983 accidere
534 918 689 1002 potuerit,
716 918 801 1002 quod
824 940 843 980 a
866 917 963 981 verbo
988 918 1038 981 vel
1068 917 1225 982 adiectivo
1252 939 1343 1001 prae-

120 1023 254 1088 dicatur.
290 1024 492 1089 admirabilis
517 1028 625 1088 aulem
645 1047 697 1090 ars
718 1027 781 1107 est,
805 1045 869 1109 qua
888 1022 1063 1088 Sallustius
1082 1026 1115 1087 et
1132 1021 1276 1087 Velleius
1295 1024 1343 1086 in-

119 1129 296 1214 primisque
307 1130 438 1196 Tacitus
453 1131 504 1195 usi
519 1133 597 1194 sunt
610 1131 644 1194 in
658 1130 777 1195 talibus
792 1130 1011 1195 locutionibus
1022 1151 1095 1194 cum
1108 1128 1259 1193 audacter
1273 1134 1343 1193 tum

121 1236 262 1300 suaviter
288 1237 491 1321 usurpandis.
533 1237 617 1302 sicut
644 1236 718 1302 Tac.
743 1259 815 1301 anu.
840 1236 902 1321 III,
927 1239 960 1302 8:
997 1238 1052 1302 Aa
1077 1236 1221 1301 Drusum
1242 1239 1345 1319 perpit

119 1364 208 1424 auem
230 1343 316 1408 baud
338 1344 451 1424 fratris
478 1346 606 1409 interitu
625 1335 746 1409 ¹trucem
773 1365 867 1426 quam
894 1349 1007 1409 remoto
1030 1344 1149 1408 aemulo
1172 1345 1344 1424 aequiorem

119 1450 177 1514 sibi
199 1451 348 1532 sperabat.
385 1450 444 1535 III,
459 1452 501 1516 32
529 1452 633 1516 missis
655 1452 699 1515 arl
718 1456 860 1515 senatum
884 1451 993 1515 litteris
1016 1449 1156 1513 Tiberius
1180 1497 1267 1513 ....
1291 1449 1343 1512 rlo-

121 1557 190 1620 cuil.
234 1555 290 1639 IV,
316 1558 357 1620 14
388 1559 518 1622 conditis
543 1578 602 1640 per
632 1557 747 1622 Asiam
774 1556 901 1620 urbibus
928 1577 984 1620 ora
1010 1556 1109 1619 maris
1136 1555 1345 1638 patiebantur.

121 1661 182 1744 VI,
209 1663 253 1726 30
288 1661 439 1729 Seruilius
471 1663 687 1744 Corneliusque
711 1664 833 1744 perdito
866 1661 984 1727 Scauro
1016 1661 1139 1741 famosi.
1196 1658 1274 1744 XII,
1305 1660 1346 1722 14
1442 1728 1446 1732 ,

122 1767 269 1834 Gotarzes
290 1771 456 1835 denrinutr's
481 1771 616 1835 bostibus
641 1769 739 1850 feram
782 1767 858 1833 hist.
876 1767 905 1851 I,
924 1769 946 1831 4
970 1768 1042 1832 laeli
1065 1771 1216 1848 usurpata
1238 1767 1346 1830 statim

121 1873 263 1940 libertate.
307 1875 376 1960 Ι,6
404 1879 528 1942 mudum
552 1875 670 1942 Galbae
692 1876 750 1940 iter
773 1879 801 1940 et
823 1879 982 1940 amentum
1004 1872 1170 1956 interfectis
1194 1870 1345 1954 Oinponio

129 1981 267 2046 Varrone
290 1983 409 2048 consule
431 1984 587 2066 desipnato
610 1986 638 2046 et
659 1979 805 2045 Petronio
825 1980 1011 2062 Turpiliano
1034 1978 1198 2043 conmlari.
1235 1977 1277 2042 ib.
1299 1980 1346 2043 in-

122 2089 232 2154 troitus
254 2089 289 2152 in
311 2089 416 2153 urbem
439 2089 600 2154 inacidatis
624 2092 667 2152 lot
687 2087 812 2152 milibus
834 2087 1001 2151 inermium
1023 2085 1158 2150 militum
1180 2085 1346 2166 infaustus.

122 2194 152 2276 I,
176 2194 216 2258 61
248 2195 391 2258 adiuncto
413 2193 602 2258 Britannico
630 2177 768 2258 ornatu.
809 2191 839 2274 I,
863 2193 906 2256 66
938 2193 1036 2257 armis
1052 2192 1196 2274 priuatis.
1233 2190 1279 2275 II,
1303 2193 1344 2256 69

120 2301 219 2364 uetitis
241 2299 464 2381 supplementis.
510 2299 557 2382 II,
583 2301 621 2363 11
649 2290 808 2363 rebellione
830 2317 1008 2380 compressa.
1050 2297 1346 2381 11‚sauearsn

119 2407 161 2470 aa
183 2406 270 2470 ciuile
297 2405 407 2470 bellum
435 2405 601 2489 lepiombus
629 2410 712 2488 torpa
738 2404 940 2468 nudarenbrr.
984 2402 1046 2487 III,
1070 2405 1090 2468 3
1123 2405 1259 2470 recitatis
1285 2406 1346 2487 epi·

118 2513 212 2577 stolis.
258 2510 322 2594 III,
346 2512 366 2576 6
394 2512 522 2595 abrupto
538 2516 641 2594 ponte.
688 2510 751 2595 III,
774 2512 817 2576 48
845 2512 959 2576 clausis
980 2511 1134 2576 subsidiis.
1178 2509 1235 2596 IV,
1261 2513 1278 2576 7
1308 2533 1346 2576 ne
1417 2508 1421 2514 ’

119 2620 192 2684 aliis
209 2619 307 2684 electis
323 2618 518 2699 posthabitus
539 2621 715 2684 amaretur.
756 2617 815 2703 III,
831 2619 873 2682 70
896 2623 1047 2700 quantum
1069 2619 1175 2683 occisis
1197 2639 1259 2683 uno
1277 2639 1346 2684 sene

120 2731 147 2790 el
168 2745 231 2790 uno
253 2726 359 2789 iuuene
379 2727 497 2808 profici.
535 2749 609 2790 ann.
627 2725 657 2809 I,
676 2726 720 2790 54
743 2727 823 2790 lolem
845 2745 948 2790 annus
970 2746 1066 2790 raons
1084 2726 1269 2790 cerenmnias
1291 2746 1342 2790 ae-

121 2834 198 2914 cepit
220 2833 324 2897 addito
350 2834 504 2898 sodalium
526 2833 749 2916 Aaprrstalium
771 2833 947 2897 saeadotio.
989 2831 1046 2916 IV,
1074 2833 1114 2895 14
1141 2831 1255 2896 Graeci
1277 2853 1346 2897 corr-

118 2939 192 3003 rlitis
203 2959 262 3020 per
280 2939 393 3003 Asiam
410 2940 537 3004 urbibus
555 2960 611 3004 ora
629 2941 727 3003 maris
741 2938 946 3020 potiebantur.
983 2937 1040 3022 IV,
1058 2938 1101 3002 45
1125 2939 1251 3002 dimisso
1270 2959 1344 3020 equo

115 3065 172 3127 per
195 3047 317 3128 derepta
334 3051 362 3110 et
384 3047 437 3110 oia
458 3047 609 3128 sequentis
628 3045 801 3126 frustratus
819 3047 870 3109 est.
907 3042 963 3127 IV,
982 3045 1003 3107 4
1027 3044 1085 3108 tali
1120 3065 1205 3126 opem
1229 3044 1344 3110 Caesar

118 3153 262 3233 disposito
278 3173 338 3234 per
359 3173 481 3218 mensas
508 3153 630 3218 miliens
651 3152 786 3217 sestertio
811 3151 952 3232 factaque
980 3153 1146 3216 mulumnrti
1168 3153 1345 3234 copiosius

118 3260 223 3324 usuris
251 3279 310 3340 per
343 3261 518 3324 triennium.
565 3259 626 3343 Vl,
648 3260 691 3323 49
724 3260 889 3339 infernam
923 3260 1038 3323 ercitum
1069 3259 1176 3341 delepit
1202 3259 1282 3323 iacto
1310 3260 1345 3322 in

112 3386 258 3447 praeceps
276 3386 406 3448 corpore.
438 3366 495 3450 XI,
510 3367 552 3430 29
578 3368 739 3450 lrrpitione
758 3387 795 3430 ac
807 3366 972 3447 promissis
986 3370 1014 3429 et
1030 3385 1125 3429 unare
1143 3366 1255 3430 dareta
1267 3366 1343 3446 plus

116 3473 270 3554 potentiae
288 3475 465 3537 ostentando
482 3474 629 3555 perpulit.
665 3472 744 3555 XII,
764 3471 807 3536 56
830 3477 943 3536 structo
967 3476 1056 3536 trans
1075 3471 1210 3535 Tiberim
1228 3477 1347 3553 slapno.

119 3577 195 3663 XII,
220 3579 263 3643 65
285 3599 402 3660 parrum
425 3581 560 3645 maritis
576 3600 635 3661 per
658 3578 841 3644 Calabriam
863 3578 1219 3663 saumumapmr'nibus
1236 3598 1345 3659 pacem

117 3686 197 3751 Ital'
256 3686 399 3752 turbaret.
445 3686 539 3770 XIII,
563 3686 583 3749 9
609 3687 691 3750 datis
714 3685 867 3750 obsidibus
890 3685 1013 3749 solitam
1031 3683 1190 3765 prioribus
1212 3704 1345 3748 reomen-

119 3795 195 3857 tiam
219 3794 254 3856 in
270 3793 422 3874 populum
445 3792 623 3857 Romanum
645 3793 845 3856 continuaret.
885 3788 980 3873 XIII,
995 3791 1038 3854 30
1060 3791 1214 3855 artemius
1236 3811 1345 3873 aeprae

119 3905 252 3965 sanctae
273 3901 381 3964 naisso
398 3919 458 3982 per
480 3920 572 3964 uenas
593 3900 745 3981 sanpuine
767 3898 882 3980 effupit.
922 3895 1017 3979 XIII,
1041 3896 1084 3960 53
1117 3896 1209 3961 Vetus
1231 3896 1344 3962 Mosel-

118 4007 182 4070 lam
209 4011 299 4088 atque
326 4008 458 4070 Ararim
483 4006 570 4087 facta
596 4007 677 4070 inter
704 4009 867 4086 utramque
892 4004 978 4084 fossa
1005 4008 1174 4067 annectere
1199 4003 1344 4084 parabat.

119 4112 208 4195 XIV,
232 4114 274 4178 38
302 4113 392 4177 ausit
413 4114 517 4195 copias
540 4111 655 4178 Caesar
677 4113 780 4177 nausis
802 4131 856 4176 sen
879 4109 1052 4175 (lamonia
1074 4110 1189 4174 duobus
1212 4110 1343 4191 Iasiona-

117 4221 202 4283 rium
229 4218 360 4284 milibus.
404 4218 475 4303 XV,
499 4219 541 4284 52
576 4219 684 4284 delecto
715 4219 897 4300 imperatore
929 4217 992 4281 alio
1024 4218 1075 4281 sui
1101 4216 1240 4280 munais
1266 4235 1344 4280 rem-

116 4325 271 4407 publicam
299 4326 420 4406 facaet.
465 4325 540 4390 hist.
563 4326 593 4410 I,
616 4326 658 4390 69
691 4325 797 4405 effusis
830 4325 968 4389 lacrimis
996 4371 1110 4387 .....
1138 4324 1342 4403 impetrauere.

117 4431 164 4514 Il,
186 4432 226 4495 14
253 4433 377 4498 additus
400 4435 548 4515 perarlsis
576 4439 674 4498 terror
701 4434 818 4496 invecta
841 4433 875 4496 r'n
903 4436 987 4514 torpa
1003 4431 1214 4513 papnnutium
1240 4430 1342 4494 classe.

116 4537 162 4621 II,
186 4539 224 4602 17
251 4541 350 4621 raptis
372 4540 554 4622 arribusrlam
576 4539 821 4622 exploratoribus
843 4539 889 4602 ita
912 4542 1020 4602 ceteros
1044 4543 1184 4601 arrisere.
1230 4536 1275 4613 II,
1299 4537 1342 4600 34

119 4646 257 4713 inclinato
283 4652 379 4730 ponte
414 4647 579 4713 transitum
606 4645 691 4712 Padi
726 4647 912 4712 simulantes.
965 4643 1011 4729 II,
1034 4644 1077 4710 92
1109 4645 1225 4710 additis
1252 4665 1341 4728 poeu-
