3330 5228
504 337 545 391 De
564 337 706 408 participii
723 341 823 394 natura
841 339 985 396 nominali.

703 557 777 636 §a

113 761 117 768 ι
203 689 252 744 De
276 688 475 759 participiis,
499 701 587 758 quae
610 689 905 745 substantivorum
927 690 1033 745 instar
1053 695 1274 760 usurpantur.

218 821 378 898 Quoniam
396 822 508 906 lingua
525 820 645 886 Latina
664 823 943 887 substantivorum
961 845 1095 889 numero
1114 847 1180 888 nou
1199 825 1353 908 abundat,

130 929 302 1012 scriptores
326 950 399 994 cum
423 928 496 992 aliis
521 930 754 1012 supplementis
773 933 843 994 tum
866 930 1046 1013 participiis
1071 931 1104 994 in
1127 931 1259 996 modum
1278 932 1352 996 sub-

129 1035 343 1100 stantivorum
376 1036 539 1118 usurpatis
576 1057 647 1099 eam
679 1035 821 1119 inopiam
854 1057 1059 1119 compensare
1092 1036 1229 1101 student.
1271 1058 1352 1121 quae

129 1164 180 1206 res
204 1163 277 1206 cum
299 1163 367 1206 non
389 1141 484 1206 modo
504 1164 561 1225 per
581 1165 614 1206 se
634 1142 734 1228 digna
756 1143 796 1206 ad
815 1143 1075 1226 cognoscendum
1099 1143 1151 1226 sit,
1175 1143 1230 1207 sed
1253 1143 1351 1207 etiam

128 1249 200 1313 ideo
224 1246 357 1312 maioris
380 1249 536 1312 momenti
560 1271 629 1314 esse
653 1250 809 1333 videatur,
833 1249 919 1333 quod
942 1252 1064 1333 quanta
1088 1252 1156 1313 arte
1180 1249 1352 1333 scriptores

92 1346 100 1360 ⁰
128 1355 362 1419 claudicantem
389 1357 426 1417 ut
448 1355 495 1418 ita
523 1356 667 1420 dicamus
696 1356 843 1440 linguam
871 1356 1086 1419 sustentarint
1115 1356 1187 1419 inde
1212 1355 1262 1420 vel
1285 1378 1352 1418 ma-

127 1463 212 1526 xime
241 1462 357 1545 elucet,
385 1483 538 1545 quaerere
566 1462 645 1526 utile
669 1465 731 1544 est,
759 1461 875 1545 quibus
898 1460 1018 1526 finibus
1042 1461 1129 1545 apud
1153 1459 1351 1545 Sallustium,

48 1573 53 1584 '
126 1567 296 1652 Velleium,
319 1568 466 1633 Tacitum
489 1568 542 1633 hic
565 1590 643 1633 usus
667 1568 957 1634 circumscribatur.

471 1745 510 1810 A.
556 1746 600 1810 Dc
623 1745 795 1829 participio
819 1745 1008 1829 praesentis.

216 1887 418 1972 Quamquam
433 1888 652 1972 exemplorum
667 1889 763 1952 huius
779 1889 907 1974 generis
923 1887 1008 1971 apud
1022 1886 1210 1952 Sallustium
1224 1907 1351 1971 magua,

127 1995 212 2079 apud
245 1994 405 2060 Velleium
437 1994 647 2079 Tacitumque
679 1996 821 2074 maxima
854 1997 886 2059 et
918 1995 1056 2059 varietas
1090 1999 1122 2058 et
1150 1995 1350 2059 abundantia

126 2102 302 2186 iuvenitur,
330 2106 440 2165 tamen
462 2101 511 2165 illi
539 2102 704 2186 participii
731 2102 911 2186 praesentis
934 2111 1144 2166 nominativo
1168 2110 1347 2178 singularis

127 2210 181 2294 qui
194 2291 198 2300 Ι
213 2209 407 2273 substantivi
446 2207 514 2272 vice
551 2209 698 2293 fungitur
737 2209 931 2273 abstinuisse
972 2207 1130 2272 videntur.
1170 2207 1349 2272 locutiones

126 2316 227 2401 igitur
254 2316 363 2399 quales
392 2317 468 2378 sunt
494 2313 603 2378 Senec.
627 2314 665 2378 de
688 2315 738 2378 ira
760 2314 789 2399 I,
813 2315 834 2378 4
857 2335 916 2396 quo
938 2315 1028 2378 distet
1049 2314 1101 2377 irc
1122 2314 1162 2377 ab
1184 2314 1350 2378 iracundia

127 2426 255 2504 apparet
276 2442 334 2503 quc
356 2421 457 2485 ebrias
475 2420 514 2484 ab
531 2420 645 2487 ebrioso
663 2426 693 2485 et
710 2421 819 2484 tincas
833 2441 854 2484 c
877 2420 994 2504 timido,
1018 2419 1150 2495 Quintil.
1168 2419 1260 2503 VIII,
1278 2421 1308 2503 3,
1328 2420 1349 2484 5

126 2549 184 2609 quc
212 2529 345 2592 mumma
374 2526 606 2608 deprehenditur
635 2547 742 2592 careas
771 2532 837 2591 arte
866 2528 1004 2591 oratoria
1034 2527 1118 2609 apud
1149 2524 1349 2612 Sallustium,

125 2634 294 2708 Velleium‚
309 2632 458 2698 Tacitum
471 2655 537 2697 non
552 2632 683 2718 habent,
697 2633 887 2717 quibuscum
902 2637 1136 2717 comparentur.
1162 2655 1258 2718 quam
1278 2654 1347 2696 rem

126 2762 203 2806 cave
230 2761 271 2803 ne
298 2741 389 2823 parvi
418 2741 581 2824 aestimes,
606 2741 759 2823 quoniam
780 2761 965 2823 nonsaepe
989 2739 1199 2824 factumest,
1226 2743 1262 2803 ut
1285 2761 1349 2823 qua

125 2847 276 2912 libertate
300 2845 411 2912 Cicero
444 2868 521 2910 usus
544 2869 610 2911 non
634 2851 697 2932 est,
724 2847 858 2911 eandem
887 2850 919 2910 et
952 2844 1124 2912 Sallustius
1149 2851 1182 2911 et
1204 2847 1347 2912 Velleius

126 2958 159 3019 et
182 2953 312 3018 Tacitus
335 2952 544 3036 repudiarint.
585 2976 689 3038 neque
711 2953 823 3019 Livius
851 2953 1023 3018 discrimen
1052 2955 1190 3019 excitare
1213 2953 1348 3036 videtur,

126 3060 283 3145 siquidem
303 3083 341 3124 ex
361 3060 646 3143 grammaticorum
662 3060 792 3125 silentio
810 3060 873 3126 hoc
887 3059 1143 3125 concludendum
1158 3082 1227 3125 esse
1246 3063 1348 3145 putes.

124 3175 267 3245 pluralis
295 3169 401 3230 autem
424 3174 561 3229 numeri
588 3188 688 3231 unum
712 3164 859 3231 Sallustii
888 3167 1070 3250 exemplum
1100 3167 1193 3231 nobis
1217 3170 1347 3251 praesto

126 3277 189 3338 est:
213 3271 283 3338 cat.
301 3273 332 3356 2,
351 3271 477 3336 8muttc'
489 3273 634 3337 raamias
657 3323 664 3337 .
684 3324 691 3338 .
711 3325 717 3338 .
737 3324 745 3338 .
767 3274 864 3337 ciam
881 3274 972 3337 sacti
988 3274 1220 3355 perepriacates
1243 3277 1344 3337 trusos·

124 3383 195 3446 c'ere.
233 3402 270 3444 eo
294 3379 415 3450 maiore
440 3377 548 3443 studio
572 3378 703 3444 Tacitus
726 3400 820 3444 usum
846 3387 1045 3443 nominativi
1067 3378 1228 3462 participii
1251 3400 1342 3462 prae-

125 3488 227 3552 sentis
251 3493 381 3563 generis
395 3494 551 3549 neutrius
574 3486 645 3551 luco
670 3485 865 3550 substantivi
887 3485 987 3569 positi
1011 3486 1177 3568 amplexus
1197 3488 1255 3568 est,
1279 3507 1344 3569 qua

125 3595 160 3658 in
188 3615 221 3657 re
249 3591 360 3656 eadem
388 3594 420 3655 et
448 3592 578 3676 linguae
602 3591 736 3656 Latinae
764 3594 798 3655 et
824 3591 1034 3656 Germanicae
1063 3591 1260 3656 consuetudo
1289 3595 1347 3675 est,

124 3721 200 3764 nam
224 3698 321 3762 etiam
344 3718 404 3761 nos
431 3698 636 3782 participium
663 3699 843 3783 praesentis
876 3699 1002 3783 generis
1034 3702 1137 3763 neutr.
1162 3699 1346 3782 anteposito

125 3805 260 3871 articulo
280 3804 476 3869 substantivi
493 3805 598 3870 instar
618 3827 818 3890 usurpamus,
842 3806 925 3871 sicut
948 3806 1016 3870 das
1040 3805 1347 3870 bevorstehendc

129 3910 437 3996 -imminentia,
456 3935 652 3997 quamquam
669 3913 748 3977 talia
766 3913 912 3997 pluribus
927 3935 1086 3996 exponere
1105 3913 1217 3996 lingua
1235 3916 1348 3977 nostra

125 4020 280 4102 solemus,
307 4020 344 4081 ut
367 4015 454 4082 odio
477 4020 751 4109 praesentium,
783 4042 850 4083 aus
882 4019 972 4083 hess
1004 4020 1099 4084 iiber
1122 4020 1181 4084 die
1205 4040 1346 4104 gegen-

124 4127 287 4211 wtrtige
324 4124 410 4207 lage
443 4124 508 4189 der
540 4126 654 4210 dinge
696 4126 746 4190 vel
782 4125 994 4207 humentia,
1031 4125 1090 4189 die
1128 4125 1347 4209 sumpfigen

125 4234 278 4299 stellen.
1013 4313 1015 4317 Ι

214 4339 295 4406 Cum
323 4342 385 4406 hoc
412 4362 513 4426 genus
543 4363 562 4404 a
584 4339 689 4405 Vellei
713 4342 744 4403 et
768 4336 913 4403 Sallustii
939 4361 1000 4402 usu
1028 4337 1181 4423 loquendi
1204 4336 1346 4402 alienum

125 4449 180 4531 sit,
196 4443 288 4531 'apud
318 4448 444 4513 Livium
473 4450 506 4512 et
532 4446 684 4512 classicos
703 4447 886 4531 'scriptores
915 4447 973 4511 illa
999 4445 1170 4530 participia
1200 4445 1270 4509 sola
1293 4444 1346 4509 ad-

124 4555 312 4638 mittuntur,
344 4555 459 4638 quibus
491 4555 677 4638 temporis
713 4554 804 4619 notio
837 4553 993 4618 inhaeret.
1031 4551 1087 4616 sed
1118 4551 1346 4633 insolentiores

125 4665 201 4726 sunt
215 4661 393 4727 locutiones
412 4682 515 4747 neque
535 4661 619 4745 apud
634 4660 785 4725 classicos
800 4663 939 4744 exstant,
954 4659 1063 4745 quales
1083 4659 1275 4742 sequuntur:
