3340 5218
266 315 331 378 102
799 314 890 384 Caput
908 313 955 369 IV.

178 481 180 484 ’
265 479 347 542 tiore
370 478 639 563 interpretatione
662 479 847 561 explanare,
870 481 946 542 sunt
968 478 1062 542 haee:
1091 476 1168 543 Tae.
1192 497 1265 544 ann.
1288 477 1319 562 I,
1341 478 1384 543 55
1412 478 1501 544 nulrit

265 605 416 649 uersuram
432 585 551 668 plebem
567 585 764 668 principibus
786 587 905 650 anatis.
937 585 978 669 ΙΙ,
995 585 1036 648 19
1060 587 1189 666 equitem
1205 587 1393 668 propinquis
1416 587 1500 652 lueis

266 697 371 771 unere,
393 697 429 756 ut
449 693 596 775 inpressis
617 692 769 757 siluarum
792 692 960 776 teutonibus
977 713 998 756 a
1017 696 1097 774 terpo
1114 692 1201 772 foret.
1229 692 1287 776 IV,
1300 693 1342 756 41
1363 693 1500 757 sublatis

266 798 412 864 inanitus
433 820 537 864 reram
553 799 726 882 potentiam
749 800 864 882 nuperi.
906 797 967 881 xl,
992 799 1010 862 l
1040 798 1170 864 sublatis
1192 800 1365 864 studiorum
1380 799 1500 882 pretiis

265 907 359 971 etiam
380 907 485 971 studia
502 907 655 986 peritura.
696 903 791 989 XIII,
814 905 858 968 24
880 911 915 969 ut
938 905 1118 988 ...plebes
1140 907 1228 971 daret
1253 907 1501 988 eaperinrentrrm

266 1033 310 1078 an
336 1013 480 1077 ummotis
506 1011 679 1077 austoddms
706 1013 884 1077 modestiam
910 1012 1061 1078 retineret.
1102 1011 1198 1096 XIII,
1221 1013 1265 1077 40
1291 1014 1402 1078 statuit
1422 1013 1500 1077 dato

266 1122 315 1185 dre
336 1120 492 1204 proelium
518 1120 659 1202 incipere.
700 1116 788 1201 XIV,
811 1118 854 1182 23
881 1119 1029 1182 nundum
1055 1119 1168 1183 recenti
1194 1125 1308 1184 terrore
1337 1124 1425 1184 ratus
1452 1121 1503 1184 ad

174 1284 179 1298 ,
267 1227 444 1308 ocumanda
473 1221 690 1308 Tiprunoaertu
722 1225 832 1306 quitus
862 1225 972 1288 endas
1003 1229 1116 1289 menum
1152 1225 1285 1291 nostium
1320 1217 1502 1291 intenderet.

268 1332 340 1416 XV,
357 1333 397 1397 10
420 1353 473 1396 nee
495 1353 516 1396 a
539 1329 707 1397 Corbulone
722 1335 924 1413 properatum
946 1351 1004 1413 quo
1024 1331 1218 1414 pliseentrlms
1235 1333 1383 1414 perindie
1401 1333 1502 1397 etiam

268 1437 398 1503 subsidii
422 1437 491 1500 laus
513 1441 682 1519 auperetur.
716 1436 793 1500 hist.
807 1433 848 1520 Π,
863 1436 906 1499 32
931 1441 1025 1501 tracto
1048 1438 1084 1502 iu
1107 1441 1252 1504 aestatem
1274 1437 1357 1504 bello.
1389 1439 1432 1524 II,
1450 1439 1500 1504 34

268 1549 442 1628 aupeseente
462 1543 599 1624 flumine.
631 1542 689 1622 IV,
704 1543 746 1607 14
768 1563 844 1607 nam
857 1543 960 1625 prrtsis
982 1546 1063 1625 quod
1083 1546 1117 1608 di
1134 1546 1322 1627 prohibeam
1342 1547 1503 1612 Romanis

268 1651 345 1734 quid
370 1651 461 1715 atiud
485 1670 580 1732 quam
607 1650 685 1715 bella
712 1651 851 1714 omnium
878 1651 958 1714 iuter
984 1671 1015 1715 se
1038 1651 1177 1734 pentinm
1208 1654 1360 1718 resistent.
1401 1652 1448 1737 Π,
1482 1655 1500 1718 1

269 1759 441 1824 comedente
467 1758 504 1821 in
528 1760 636 1838 partes
657 1759 749 1838 patre
775 1757 877 1838 filium
904 1762 1088 1822 summatum.
1128 1756 1192 1842 ΙΙΙ,
1214 1760 1236 1823 2
1263 1760 1368 1825 addito
1396 1762 1505 1842 spatio

269 1866 442 1931 redituram
475 1869 504 1929 et
536 1863 585 1929 luis
618 1863 712 1928 robur
745 1865 941 1929 meditatione
979 1865 1056 1931 belli.
1115 1863 1191 1928 Sall.
1219 1864 1295 1931 hist.
1318 1866 1349 1950 I,
1371 1867 1429 1950 41,
1453 1867 1503 1930 24

270 1975 344 2056 quia
371 1972 519 2036 secandae
541 1990 589 2035 res
615 1971 694 2034 mire
716 1974 790 2035 sunt
814 1971 901 2035 uitiis
923 1971 1056 2036 obtentui
1082 1971 1192 2054 quibus
1219 1973 1376 2053 labefactis
1404 1993 1505 2054 quam

269 2079 458 2163 formidatus
480 2081 525 2142 est
547 2082 611 2141 tam
633 2082 845 2142 emtemuetur.
881 2076 953 2162 Iug„
970 2078 1021 2162 85,
1039 2080 1083 2143 48
1106 2080 1170 2144 deis
1192 2080 1378 2145 iuvantibus.
1395 2115 1432 2125 —
1458 2079 1506 2144 In

272 2187 422 2254 omnibus
445 2185 497 2248 his
521 2184 675 2268 exemplis
699 2204 765 2247 non
787 2182 878 2248 illam
901 2183 1092 2249 facilitatem
1115 2185 1221 2250 inesse
1245 2189 1277 2250 et
1301 2185 1507 2271 varietatem,

272 2315 353 2379 quae
380 2292 456 2357 hist.
479 2289 543 2375 ΙΠ,
566 2289 623 2374 56,
654 2287 711 2373 IV,
739 2289 781 2353 39
811 2287 885 2371 (sub
909 2286 966 2374 M.)
1001 2291 1167 2355 observari
1193 2291 1284 2376 licet,
1316 2293 1372 2357 ubi
1398 2293 1507 2375 parti—

272 2401 392 2484 cipium
422 2398 524 2463 futuri
553 2397 650 2462 activi
678 2397 866 2480 usurpatur,
894 2418 932 2459 ex
960 2400 1077 2461 natura
1106 2399 1350 2482 participiorum
1377 2399 1507 2484 liquido

273 2510 371 2592 patet.
899 2501 904 2510 ’

323 2683 357 2749 G.
390 2684 434 2749 Do
457 2680 603 2747 ablativo
627 2678 774 2746 absoluto
798 2680 889 2745 euius
913 2680 1090 2746 subiratum
1113 2699 1153 2747 ex
1176 2673 1342 2748 enuntiato
1367 2681 1451 2766 quod

577 2787 724 2870 sequitur
747 2787 887 2853 relativo
911 2786 1119 2871 supplendum
1143 2790 1202 2854 ast.

242 2989 247 2997 .
364 2933 446 3000 Cum
478 2932 716 2998 accuratissime
748 2931 973 3016 explicandum
1003 2931 1059 3014 sit,
1087 2932 1192 3016 qualis
1220 2931 1352 2998 Tacitus
1380 2933 1415 2996 in
1443 2954 1509 2996 usu

275 3043 412 3107 ablativi
435 3040 575 3106 absoluti
598 3038 709 3122 fuerit,
735 3038 815 3102 utile
845 3041 894 3102 est
911 3038 1000 3103 'illud
1028 3061 1155 3124 quoquo
1187 3058 1289 3122 genus
1312 3038 1508 3124 frequentis-

276 3150 356 3213 sime
380 3147 561 3212 adhibitum
585 3145 784 3227 adumbrare,
808 3145 864 3209 ubi
882 3145 1091 3229 participium
1110 3145 1369 3229 impersonaliter
1391 3146 1425 3209 in
1449 3144 1508 3208 ab·

275 3255 377 3319 latiro
401 3252 551 3319 absoluto
575 3251 738 3335 prolatum
757 3271 827 3316 esse
845 3248 980 3334 videtur,
1003 3272 1115 3315 revera
1132 3255 1242 3316 autern
1266 3252 1445 3316 subiectum
1465 3273 1508 3315 ex

277 3360 444 3426 enuntiato
478 3358 564 3443 quod
597 3357 742 3441 sequitur
773 3356 925 3420 relativo·
944 3357 1158 3450 supplendum
1191 3367 1249 3424 est.
1291 3363 1389 3443 atqua
1421 3357 1508 3440 apud

277 3467 438 3533 Velleium
462 3467 540 3549 duo,
562 3464 760 3548 totidemque
786 3463 871 3548 apud
895 3461 1085 3528 Sallustium
1109 3466 1256 3548 exempla
1277 3465 1372 3530 nobis
1397 3486 1507 3529 occur-

277 3578 394 3638 rerunt.
432 3572 537 3637 Taciti
559 3571 721 3655 permulta
744 3574 828 3636 sunt.
865 3569 939 3634 Tae.
963 3592 1036 3636 444.
1059 3569 1085 3653 Ι,
1108 3571 1128 3635 8
1152 3572 1284 3637 multum
1306 3570 1509 3636 irridentibus

276 3683 330 3763 qui
353 3682 415 3763 ipsi
436 3681 584 3745 uiderant.
621 3677 647 3760 I,
669 3677 713 3741 23
736 3697 808 3742 mou
830 3678 963 3742 disiectis
985 3698 1117 3760 quorum
1133 3699 1192 3760 per
1213 3679 1356 3743 tunuros
1377 3678 1509 3743 suatine-

279 3788 377 3853 butur.
417 3787 449 3869 I,
471 3788 514 3851 48
540 3785 588 3850 illi
612 3785 736 3849 tentatis
757 3804 832 3867 quos
860 3783 983 3848 idoneos
1005 3781 1152 3849 rebantur
1175 3835 1182 3848 .
1202 3835 1208 3848 .
1229 3833 1236 3848 .
1258 3787 1407 3848 statuunt.
1448 3781 1508 3866 III,

278 3894 322 3959 24
350 3893 462 3974 effectis
489 3895 524 3957 iu
550 3912 628 3974 qum
656 3891 774 3955 mundi.
819 3889 883 3974 ΙΙΙ,
907 3891 948 3955 21
978 3893 1083 3955 ueritis
1114 3911 1191 3974 quae
1221 3911 1353 3971 usquam
1380 3890 1508 3972 eprepia.

258 3998 338 4082 111,
353 4000 396 4065 66
418 3999 500 4081 quod
521 3998 633 4063 multos
656 3999 749 4062 etiam
772 3995 864 4062 bonos
880 3998 1089 4079 pessumdedit
1110 3998 1165 4078 qui
1186 3995 1296 4080 spretis
1319 4016 1398 4078 quae
1416 3995 1508 4060 tarda

279 4127 348 4172 eum
370 4106 530 4171 seueritate
547 4109 753 4186 praematura
774 4103 820 4168 ael
843 4124 912 4168 eum
934 4104 1028 4168 esitio
1045 4107 1224 4184 properant.
1252 4099 1372 4186 111,14
1394 4101 1509 4166 relatis

275 4235 333 4298 per
355 4233 430 4296 auos
452 4215 619 4294 resumeret
641 4211 760 4277 bellum.
790 4210 851 4296 VI,
870 4211 911 4276 31
937 4211 1041 4276 missis
1058 4211 1113 4291 qui
1136 4229 1248 4292 param
1270 4229 1292 4271 a
1320 4207 1443 4273 Vonone
1463 4229 1509 4272 re-

280 4321 385 4386 lietum
408 4369 415 4385 .
435 4369 441 4383 .
461 4369 470 4408 ,γ
491 4323 685 4401 reposcerent.
714 4309 773 4400 VI,
787 4317 830 4382 36
853 4317 1053 4398 affluentibus
1072 4315 1229 4399 paulatim
1246 4315 1300 4396 arri
1321 4315 1510 4379 astruerunt

281 4428 431 4492 animum.
462 4424 523 4508 I,5
547 4425 619 4490 laeti
637 4425 791 4489 interdum
812 4425 919 4488 nuntii
941 4423 1148 4506 uulpabautur
1164 4423 1257 4488 donec
1273 4423 1411 4502 prouisis
1431 4442 1510 4503 quae

282 4537 399 4616 tempta
421 4531 562 4598 monebat
581 4531 671 4611 fama
694 4531 773 4596 tulit.
803 4528 828 4613 Ι,
843 4531 886 4594 64
909 4529 1014 4594 obruto
1033 4533 1115 4612 quod
1130 4529 1269 4610 effectum
1287 4530 1387 4610 operis
1408 4528 1509 4611 dupli-

281 4645 368 4706 catus
389 4639 484 4704 militi
512 4638 605 4703 labor.
648 4636 709 4716 VI,
732 4638 752 4700 9
775 4637 892 4702 additis
917 4657 996 4718 quae
1018 4641 1089 4702 aute
1109 4637 1309 4718 &manuam
1350 4633 1455 4718 XVI,
1469 4635 1510 4700 14
