3330 5228
178 359 181 366 .
288 305 331 371 62
822 306 913 376 Caput
930 305 978 362 III.

286 471 443 552 preirendis
464 469 548 552 onim
569 471 680 534 stadiis
698 470 847 534 edebatur.
891 469 968 553 XII,
987 471 1029 534 48
1047 471 1205 552 principes
1226 471 1366 536 Romani
1388 472 1516 537 eandem

287 577 474 642 Armeniam
495 578 589 659 specie
613 577 788 660 tarpitimis
816 577 978 642 turbandis
1004 578 1206 643 barbarornm
1234 580 1350 644 animis
1367 579 1516 660 praebne

287 685 360 748 rint.
403 683 482 768 XII,
506 683 548 748 66
575 683 746 763 referendis
767 685 885 749 niribns
907 683 1041 750 mollitia
1063 686 1137 750 coeti
1163 690 1192 749 et
1218 686 1401 750 sembritate
1422 706 1519 767 aqna

286 811 358 854 mim
385 790 566 856 Sinuessam
590 791 699 872 perpit.
750 789 845 875 XIII,
868 791 909 854 41
943 811 998 854 nec
1024 792 1060 856 id
1084 792 1172 856 nobis
1200 792 1316 856 cirinm
1343 797 1412 856 erat
1437 793 1520 874 qnod

286 898 441 980 firmanda
456 898 612 979 praesidio
631 901 659 960 et
677 899 856 978 capessenda
875 897 949 962 bella
968 897 1161 962 divideretur.
1198 897 1280 962 XIII
1286 949 1295 983 ,
1314 898 1357 962 42
1380 899 1519 980 elaqnem

288 1005 365 1069 tiam
387 1005 507 1068 tnendis
530 1003 644 1068 menbra
666 1008 841 1069 enereerent.
885 1003 958 1088 XV,
982 1005 1001 1068 8
1025 1006 1111 1086 rapit
1132 1007 1296 1072 enercitnm
1319 1011 1408 1071 trans
1429 1025 1519 1069 mom

287 1116 345 1175 tem
361 1112 503 1176 Tanrnm
518 1110 724 1192 reciperandis
742 1115 778 1175 nt
791 1111 907 1190 ferebat
928 1110 1065 1194 Tiprano
1083 1113 1172 1177 certis
1189 1115 1408 1194 vastandisque
1420 1113 1517 1195 cepio-

286 1219 385 1282 nibns.
426 1216 498 1296 XV,
524 1218 565 1281 10
592 1217 706 1282 ammso
729 1217 902 1281 eentnriom
924 1220 953 1281 ct
974 1219 1088 1299 panas
1110 1218 1261 1283 militabas
1287 1239 1362 1301 qnos
1383 1219 1520 1283 visendis

286 1325 419 1389 bostiam
437 1324 532 1406 capiis
543 1324 757 1404 praemiserat.
790 1322 862 1408 XV,
883 1323 924 1388 18
943 1325 1177 1390 dissimnlandis
1195 1345 1300 1390 rernm
1318 1330 1519 1390 entnnarnm

287 1430 369 1494 caris
392 1430 475 1494 Nera
500 1429 691 1510 fnrmcntnm
716 1430 817 1512 plebis
837 1434 982 1496 uetustate
1009 1435 1187 1513 corrnptnm
1214 1433 1249 1494 in
1276 1431 1411 1497 Tiberim
1438 1432 1518 1495 iecit.

287 1536 359 1619 XV,
383 1537 427 1601 24
453 1557 507 1600 nec
528 1541 741 1602 reacsatnrnm
766 1536 927 1600 Tiridaten
954 1537 1127 1618 accipiendo
1155 1537 1326 1604 diademati
1351 1539 1387 1601 in
1409 1538 1518 1602 nrbem

286 1644 395 1708 cartre.
418 1642 507 1726 XVI,
519 1644 560 1708 23
577 1642 732 1708 Tiridates
745 1643 919 1725 accipianda
933 1643 1102 1708 Armeniae
1115 1664 1207 1727 repnc
1221 1644 1412 1709 adventabat.
1439 1644 1517 1708 hist.

286 1750 316 1833 I,
340 1750 359 1815 6
388 1749 595 1832 opprimendis
623 1749 761 1814 Vindicis
788 1751 897 1831 caeptis
923 1755 1121 1814 remeaverat.
1172 1749 1275 1834 III,3
1303 1771 1371 1815 cnm
1394 1751 1517 1814 enimc

287 1857 396 1921 rastris
420 1857 533 1936 fratris
555 1857 679 1920 domnm
701 1855 911 1920 imminentem
931 1855 1000 1936 fore
1022 1861 1051 1920 et
1073 1857 1242 1922 incitandis
1263 1857 1424 1922 bominnm
1447 1876 1516 1920 ocn-

289 1963 328 2027 lis
351 2014 357 2027 .
377 2013 383 2027 .
402 2012 410 2028 .
429 2011 436 2027 .
458 1963 590 2044 petisset.
630 1960 760 2044 111,32
793 1962 932 2028 balineas
963 1963 1112 2027 abluendo
1139 1983 1245 2027 amore
1273 1983 1404 2045 propere
1425 1965 1516 2045 petit.

288 2091 326 2133 ex
349 2069 472 2135 Velleio
496 2090 595 2133 unum
619 2068 802 2152 exemplum
824 2067 920 2133 nobis
942 2072 1057 2134 notum
1080 2072 1144 2134 est:
1167 2061 1220 2153 11,
1238 2070 1281 2134 92
1304 2069 1411 2134 aberat
1433 2070 1515 2134 crdi-

288 2177 403 2270 nandis
424 2176 521 2241 Asiae
545 2174 735 2256 Orientisqne
757 2175 845 2240 rcbns
868 2171 1020 2260 abacis)

378 2280 484 2347 Ceteri
503 2282 674 2365 scriptores
690 2302 825 2365 quorum
839 2304 934 2347 usum
953 2281 1106 2366 loquendi
1120 2282 1300 2347 accuratius
1313 2282 1514 2366 perlustrare

288 2390 382 2456 nobis
396 2389 599 2475 propositum
611 2390 669 2471 est,
682 2388 779 2454 tertio
793 2389 851 2453 illo
865 2409 990 2474 genere,
1005 2391 1161 2472 quantum
1176 2410 1215 2453 ex
1229 2388 1514 2472 grammaticorum

288 2498 380 2561 libris
407 2496 620 2581 inprimisque
643 2492 778 2578 I'eipelii
806 2495 954 2560 adhunc
982 2517 1050 2560 rem
1075 2495 1340 2561 commentariolo
1369 2497 1515 2579 apparet,

287 2625 420 2686 prorsus
435 2601 632 2668 abstinuisse
646 2599 804 2665 videntur.
836 2604 1001 2685 postremo
1019 2601 1052 2665 id
1067 2623 1256 2667 moneamus
1271 2604 1384 2667 eontra
1398 2600 1514 2684 Teipe-

287 2709 367 2773 lium
389 2731 456 2774 uon
474 2729 557 2792 esse,
575 2729 632 2771 cur
649 2707 691 2770 ad
709 2706 887 2791 Ulpianum
910 2708 1122 2793 refugiamus,
1144 2712 1182 2773 ut
1204 2708 1295 2774 locus
1318 2708 1515 2792 inveniatur,

289 2815 344 2879 ubi
370 2815 504 2880 verbum
532 2815 752 2899 praeponendi
781 2837 854 2880 cum
884 2814 993 2880 dativo
1022 2813 1191 2901 gerundivi
1219 2815 1426 2880 coniunctum
1455 2819 1514 2880 est

287 2943 364 2984 nam
387 2921 452 2986 iam
476 2921 608 2987 Tacitus
633 2920 718 2985 hanc
747 2924 942 2987 structuram
966 2920 1103 2986 admisit.
1147 2942 1220 2986 ann.
1243 2919 1291 3005 II,
1314 2921 1335 2985 6
1363 2920 1463 2986 Silina
1486 2926 1517 2985 et

286 3029 419 3093 Anteins
440 3033 469 3092 et
487 3025 620 3092 Caecina
644 3027 846 3108 fabricandae
867 3028 961 3092 classi
976 3031 1222 3110 praeponantur.
1270 3025 1365 3108 XIII,
1390 3027 1410 3090 8
1439 3024 1514 3091 Ocr-

287 3133 425 3200 bntonem
447 3135 623 3199 retinendae
644 3133 814 3199 Armeniae
830 3139 1061 3217 praeposuerat.

561 3363 606 3418 11.
634 3363 679 3455 Ire
697 3361 799 3420 dativo
818 3362 871 3432 qul
890 3361 999 3432 pendet
1017 3362 1056 3417 ab
1074 3361 1233 3418 adlectlro.

375 3489 485 3555 Etiam
499 3489 594 3555 huius
613 3512 692 3554 usus
710 3489 910 3575 primitivum
924 3510 1026 3576 genus
1045 3489 1078 3554 id
1095 3488 1168 3575 fuit,
1186 3490 1242 3553 ubi
1256 3511 1328 3554 cum
1344 3487 1516 3573 adisctivo,

288 3596 372 3681 quod
395 3596 522 3662 notioni
542 3596 704 3661 commodi
722 3600 779 3661 aut
801 3595 997 3663 incommodi
1019 3596 1168 3679 inservit,
1192 3595 1319 3661 dativus
1343 3595 1514 3690 gerundivi

360 3845 385 3912 1)
412 3842 518 3912 Qontra
539 3842 735 3898 auctoritatem
758 3839 820 3898 libr.
844 3858 939 3896 msscr.
963 3841 1041 3896 Kritz
1064 3843 1093 3895 et
1114 3838 1198 3894 Helm
1227 3839 1365 3895 scribunt:
1393 3840 1516 3896 aberat

286 3929 322 3984 lu
342 3928 555 4000 ordinandis,
574 3929 623 3984 alii
641 3929 879 4000 praepositionem
898 3929 967 3984 reici
985 3930 1097 3998 volunt,
1118 3928 1217 4000 quibus
1236 3928 1428 4000 assentimur„
1446 3945 1514 3983 nam

287 4018 433 4087 quominus
460 4017 631 4088 praepositio
659 4018 788 4073 deleatur
814 4017 887 4071 nihil
909 4016 1042 4088 impedit,
1070 4016 1137 4085 quia
1158 4017 1205 4072 hic
1229 4016 1341 4072 dativus
1364 4034 1450 4070 uuum
1469 4016 1514 4070 sui

286 4106 396 4177 generis
424 4107 581 4176 exemplum
609 4107 652 4162 est
678 4105 754 4177 apud
776 4105 931 4176 Velleium,
955 4106 1027 4160 sicut
1055 4107 1141 4160 etiem
1168 4106 1303 4162 adiectivi
1326 4123 1391 4160 cum
1414 4104 1513 4161 dativo

285 4195 433 4265 gerundivi
452 4194 593 4250 coniuncti
610 4214 696 4250 unum
718 4195 915 4250 tantummodo
934 4197 1043 4250 exstare
1063 4195 1222 4266 exemplum
1246 4195 1320 4249 infra
1341 4194 1509 4250 videbimus.

285 4285 340 4338 huc
359 4283 483 4352 accedIt,
503 4284 577 4351 quod
596 4283 620 4338 si
635 4282 794 4338 scribimus:
814 4283 937 4338 aberat
954 4283 988 4337 in
1006 4282 1208 4338 ordinandis
1222 4283 1323 4338 Asiae
1339 4283 1513 4338 Orientis-

286 4388 348 4439 que
372 4371 473 4426 rebus
499 4371 636 4442 Caesar,
658 4371 782 4427 Velleius
805 4370 918 4426 dicendi
936 4372 1044 4426 rabone
1062 4372 1139 4426 haud
1157 4371 1225 4426 satis
1243 4371 1380 4427 meditata
1397 4371 1440 4426 uti
1459 4389 1511 4441 pu·

285 4459 387 4513 taudus
406 4460 462 4528 est,
486 4475 550 4513 cum
567 4477 624 4515 non
642 4460 672 4514 in
690 4459 852 4515 ordinandis
871 4457 955 4513 Asiae
975 4458 1151 4528 Orientisque
1170 4461 1253 4515 rebus
1271 4460 1385 4516 abesset
1398 4460 1511 4530 Caesar,

286 4547 398 4603 sed'iu'
410 4547 478 4604 Asia
496 4548 665 4618 Orienteque
683 4549 719 4605 ad
742 4565 785 4603 res
804 4547 973 4603 ordinandas
997 4549 1042 4616 (=
1061 4550 1143 4605 rebus
1163 4547 1325 4604 ordinandis
1345 4580 1378 4591 -
1399 4548 1511 4604 dativus

285 4637 388 4707 fimlis)
407 4641 573 4694 versaretur.
