3300 5224
465 301 507 354 De
526 299 736 370 participiorum
755 316 806 353 usu
826 299 1026 369 praedicativo.
1317 298 1359 362 83

125 465 299 546 ploriosnon
331 464 395 528 nisi
432 467 531 528 tntnn
566 468 595 526 et
626 464 732 528 annia
768 463 943 527 retinendae
978 463 1200 527 dominationis
1235 461 1360 526 bonestc

129 568 333 656 asanaa)
778 573 780 578 '

256 783 285 850 0.
326 781 535 848 sanatorem
557 782 593 848 in
615 781 739 848 molum
761 783 932 866 genetivus
955 783 994 848 nt
1015 781 1237 866 praedicativa

131 926 320 1010 epexegesis
345 927 385 990 ad
409 926 585 1010 obiectum,
613 947 678 991 non
702 927 742 990 ad
772 927 950 991 subiectum
979 927 1115 1010 accedit,
1143 949 1237 1010 quem
1266 947 1360 991 usum

131 1031 307 1097 Sallustius
339 1037 372 1097 et
399 1033 532 1096 Tacitus
564 1033 722 1117 singulari
758 1055 836 1116 prae
868 1034 940 1096 aliis
974 1033 1079 1098 studio
1113 1034 1251 1116 amplexi
1285 1037 1362 1096 sunt

131 1140 236 1202 velut:
274 1137 351 1204 Sall.
376 1140 452 1204 hist.
475 1138 572 1223 1‚48‚
595 1138 635 1201 10
658 1159 736 1220 qnae
763 1139 868 1220 (arma
895 1138 1016 1224 civilia)
1044 1140 1097 1203 ille
1125 1141 1290 1204 advorsum
1317 1141 1361 1204 di-

130 1247 209 1309 cina
230 1250 261 1309 et
280 1245 419 1310 bumana
446 1246 552 1309 anania
574 1245 652 1326 cepit
676 1265 740 1308 nore
756 1266 818 1326 pro
845 1266 903 1309 sna
926 1250 983 1309 ant
1008 1267 1138 1328 pannon
1165 1247 1293 1312 siennlct
1314 1248 1362 1310 in-

65 1427 67 1432 ,
130 1353 233 1435 incia,
256 1354 310 1416 sed
331 1353 430 1435 icpnni
452 1372 489 1416 ac
512 1351 661 1416 libertatis
683 1351 913 1416 snbocrtnndae.
946 1351 1020 1416 Tac.
1035 1375 1109 1418 ann.
1122 1351 1164 1439 Π,
1179 1354 1220 1418 37
1244 1375 1298 1418 nec
1321 1355 1364 1418 ad

131 1459 286 1523 inuidiam
312 1461 387 1538 bia,
414 1460 467 1524 sed
487 1458 696 1522 wnnlmndae
718 1459 944 1522 misericordiae
970 1459 1077 1540 resero.
1117 1459 1179 1544 111,
1203 1461 1245 1525 27
1269 1461 1362 1542 palso

134 1565 308 1647 Tarquinio
326 1567 488 1631 adversum
504 1568 635 1646 patrnon
652 1564 801 1644 factiones
818 1565 918 1629 nnita
933 1565 1069 1647 papaten
1086 1569 1217 1649 paravit
1234 1569 1362 1632 tuendae

133 1672 285 1738 libertatis
306 1677 336 1736 et
356 1673 530 1754 firmandae
552 1672 737 1736 concardiae.
772 1671 832 1755 Ill,
855 1673 896 1737 41
921 1677 1072 1754 spectatas
1095 1678 1123 1737 et
1146 1673 1293 1740 Sacrana
1315 1676 1361 1738 in-

133 1783 207 1843 tecta
234 1781 333 1862 capite
353 1799 495 1862 pnpnanc
516 1798 577 1859 pro
600 1777 754 1843 Roncanis
776 1779 858 1843 ciens
885 1781 1080 1844 osbntandae
1102 1785 1139 1844 nt
1164 1781 1281 1861 serdot
1301 1783 1361 1846 cir-

131 1887 216 1950 tntis.
253 1884 310 1970 VI,
329 1886 373 1951 30
393 1886 559 1967 pecuniane
586 1905 607 1948 a
636 1883 732 1949 Varia
755 1885 871 1968 lipare
892 1887 1074 1950 unitandae
1096 1887 1258 1952 delationis
1284 1909 1362 1970 cepe-

131 1997 216 2056 rant.
253 1991 295 2057 ib.
318 2013 397 2074 qnae
414 1992 557 2056 seditiosa
574 1995 604 2055 et
620 1994 857 2073 corrumpendae
874 1993 1055 2074 dbnplinae
1072 2013 1145 2058 mon
1162 1995 1198 2058 in
1209 1996 1363 2076 wadan

132 2099 267 2162 vertebat
293 2094 399 2184 (deest
426 2096 512 2181 apud
535 2095 792 2181 Hoffmannum).
831 2097 973 2162 eiusdem
1007 2100 1134 2184 generis
1166 2121 1236 2164 esse
1269 2104 1362 2185 putes

133 2205 234 2268 etiam
258 2203 332 2269 Tac.
357 2227 429 2268 sun.
453 2203 510 2288 ΙΙΙ,
533 2205 574 2268 27
603 2225 680 2268 nam
702 2209 818 2269 secatae
841 2205 916 2288 lepos
942 2205 998 2270 cisi
1021 2206 1189 2288 aliqnando
1211 2209 1247 2271 in
1269 2209 1359 2272 mab·

132 2314 206 2393 ficos
238 2332 275 2377 ec
301 2311 421 2376 delicta
439 2311 561 2394 saepias
593 2315 695 2375 tanen
727 2312 913 2375 dissensione
944 2313 1089 2376 ordinum
1115 2318 1144 2376 et
1173 2315 1363 2396 adpboendi

132 2421 258 2484 illicitos
285 2418 412 2483 bonores
435 2422 491 2482 ant
510 2418 646 2499 pellendi
668 2418 768 2482 claros
789 2419 871 2483 ciros
894 2419 1018 2499 aliaque
1040 2419 1076 2483 ob
1098 2439 1202 2502 prava
1219 2441 1277 2502 per
1300 2422 1363 2484 aine

134 2527 218 2590 latae
240 2530 321 2591 snnt.
338 2509 520 2609 *quomodo
544 2525 630 2588 enim
660 2525 829 2609 genetivus
854 2545 892 2588 ex
916 2526 1156 2608 comparatione
1179 2547 1251 2590 eum
1276 2528 1361 2592 loeu-

132 2634 281 2698 tionibus
305 2631 527 2697 usitatissimis
548 2631 658 2715 quales
679 2633 769 2695 sunt:
793 2631 853 2696 lex
877 2632 1099 2696 maiestatis
1118 2669 1160 2678 -
1180 2634 1240 2697 lex
1264 2634 1363 2698 iudi-

133 2740 282 2804 ciorum
310 2739 553 2822 publicorum
580 2773 615 2783 -
647 2739 754 2822 leges
778 2738 1079 2821 repetundarum
1103 2738 1186 2804 aliae
1209 2740 1363 2823 explicari

131 2846 240 2930 possit
263 2843 440 2909 Hoffmann
464 2844 564 2909 docet

272 3045 308 3159 n
344 3089 517 3158 Genetivus
540 3091 714 3184 gerundivi
736 3092 775 3156 ut
797 3091 980 3175 epexegesis
1008 3090 1231 3174 praedicativa

133 3257 202 3300 non
226 3239 294 3299 tam
317 3236 459 3319 pertinet
483 3235 524 3299 sd
548 3235 709 3300 obiectum
732 3235 850 3330 ipsum,
874 3257 971 3319 quam
994 3236 1035 3300 ad
1059 3238 1219 3302 abbonem
1243 3239 1284 3302 ab
1308 3238 1362 3302 ob·

133 3342 220 3408 iecto
245 3341 285 3406 ad
309 3343 457 3408 effectum
481 3342 708 3408 adducendam.

210 3572 236 3640 1)
260 3571 346 3626 Nullo
370 3569 430 3626 inre
453 3569 606 3624 Hoffmann
628 3569 658 3622 in
685 3587 832 3626 numerum
859 3571 959 3626 horum
982 3571 1173 3640 exemplorum
1192 3573 1278 3628 refert
1297 3574 1362 3631 Sall

135 3658 195 3713 Cat.
216 3666 298 3726 46‚2
322 3677 441 3730 paenam
468 3661 579 3714 itteram
605 3660 659 3713 sibi
686 3661 776 3726 nnn,
804 3661 994 3729 immanitatem
1014 3662 1175 3729 perdundae
1198 3664 1365 3731 reipublicae

133 3749 194 3815 fore
216 3750 348 3806 madebat.
386 3767 475 3820 neque
499 3748 617 3804 Dietseh
640 3751 746 3804 rectam
768 3749 866 3818 prodit
888 3749 1162 3818 interpretationem,
1186 3767 1249 3804 eum
1274 3752 1364 3806 dieat:

135 3837 186 3893 der
204 3839 328 3894 vechsel
346 3839 395 3892 des
415 3838 569 3893 ausdrueks
588 3837 627 3890 ist
644 3855 715 3908 ganz
730 3837 849 3892 Sallusts
868 3838 1049 3908 gewohnheit
1068 3838 1134 3907 (sibi
1152 3841 1231 3894 oneri
1250 3871 1284 3882 -
1303 3859 1364 3911 per-

136 3927 248 3982 dundae
267 3927 451 3998 reipublicae3
471 3926 583 3982 dativus
600 3958 632 3966 —
647 3927 806 3996 genetivus)
825 3927 903 3983 euius
928 3927 1083 3982 sententiae
1107 3927 1131 3980 si
1150 3927 1265 3983 Dietseh
1284 3946 1364 4000 argu-

134 4018 232 4072 menta
251 4033 284 4070 ex
304 4015 432 4072 Sallustii
451 4014 563 4086 seriptis
583 4017 732 4088 desumpta
749 4017 873 4087 proferre
897 4015 1054 4085 iuberetur,
1077 4016 1171 4072 neseio
1191 4034 1227 4072 an
1249 4034 1365 4087 magnas

135 4105 165 4159 in
188 4104 335 4176 angustias
358 4105 544 4160 delaberetur.
585 4104 706 4162 libenter
728 4106 852 4162 faverem
879 4105 945 4160 huie
969 4103 1106 4175 opinioni,
1135 4105 1159 4159 si
1181 4107 1218 4160 ad
1236 4105 1364 4162 Tacitum

135 4195 291 4265 spectaret,
320 4211 404 4264 quem
432 4194 523 4262 magis
552 4211 636 4264 quam
660 4196 767 4250 eeteros
790 4196 937 4251 verborum
962 4192 1180 4248 concinnitatem
1203 4193 1364 4263 repudiasse

62 4263 69 4280 '
136 4285 257 4339 constas.
286 4301 377 4354 neque
395 4283 550 4353 quidquam
565 4284 680 4339 nicaen
699 4284 831 4350 lucratur,
850 4281 1123 4350 siscliensis
1143 4281 1263 4337 conferri
1277 4283 1364 4350 iubes,

135 4374 241 4443 quippe
261 4390 316 4442 quo
336 4389 370 4426 ex
389 4373 452 4427 loeo
472 4373 643 4428 contrarium
662 4372 721 4427 eius
741 4375 889 4442 appareat,
909 4371 986 4441 quod
1004 4362 1064 4441 ipse
1084 4370 1275 4426 demonstrare
1295 4359 1386 4427 vult'

135 4462 374 4534 quemadmodum
393 4461 469 4516 enim
488 4460 538 4514 illo
557 4462 620 4516 loco
640 4477 673 4514 ex
686 4460 779 4516 verbis
803 4460 1057 4516 conservandae
1076 4456 1256 4514 libertatis
1275 4461 1366 4530 liquet

135 4551 314 4621 augendae
333 4549 415 4620 reip.
435 4550 587 4604 seeundum
602 4566 663 4604 esse
677 4566 781 4618 casum,
800 4549 841 4602 ita
853 4550 900 4604 hic
917 4548 1115 4618 perdundae
1133 4547 1216 4618 reip.
1237 4549 1363 4604 dativum

135 4658 198 4695 esse
218 4657 253 4694 ex
271 4638 455 4694 antecedente
475 4656 534 4696 voc.
554 4637 650 4693 oneri
668 4638 756 4707 patet.

1116 4727 1152 4781 6*
