3300 5224
476 342 518 395 De
536 340 748 410 participiorum
767 359 819 396 usa
837 341 1036 412 praedicativo.
1312 345 1374 409 107

147 523 233 587 mas,
261 503 347 588 quod
380 505 443 568 toti
471 503 652 588 quaestioni
685 505 812 570 abunde
844 506 1030 570 satisfacere
1063 529 1244 589 possumus.
1280 511 1376 593 atque

148 614 221 674 ante
245 610 356 674 omnia
379 631 418 673 ex
441 631 475 674 re
499 631 569 675 esse
593 612 728 695 ridetur,
751 634 805 677 eas
824 613 968 696 proferre
992 613 1129 698 formas,
1154 615 1270 699 quibus
1290 614 1378 679 Cice-

148 735 261 781 ronem
279 739 374 781 usum
393 738 463 782 esre
482 721 624 784 constat:
644 718 800 802 sortita,
820 717 1072 805 auspicato¹),
1096 721 1378 806 demonstrato,

147 825 355 907 intestato,
393 828 545 910 optato,
581 828 802 909 peroptato,
835 826 1041 910 satisdato,
1078 829 1223 913 errato,
1255 831 1379 893 recte-

148 931 267 1009 facto,
299 932 475 1015 perfecto
508 934 545 995 et
577 932 773 1016 concluso,
806 931 998 996 adiuncto.
1040 929 1161 1020 Liviit)
1193 934 1255 1000 hae
1289 939 1379 999 sunt:

150 1037 297 1121 audito,
328 1039 532 1122 augurato,
562 1039 778 1122 auspicato,
809 1038 981 1123 cognito,
1009 1044 1221 1126 comperto,
1249 1040 1379 1105 debel-

134 1148 243 1228 lato,
267 1145 408 1228 edicto,
434 1144 650 1230 explorato,
674 1145 865 1230 exposito,
894 1143 1145 1230 palamfaeto,
1175 1150 1380 1232 imperate,

150 1253 398 1337 inaugurato,
432 1251 695 1336 inexplorato,
729 1253 825 1336 lato,
859 1253 988 1335 litato,
1020 1253 1217 1338 nuntiato,
1251 1258 1380 1339 paeto,

150 1358 354 1442 permiss0,
373 1359 565 1436 submoto,
584 1358 806 1442 impetrate.
840 1357 1014 1423 Sallustius
1033 1360 1118 1426 hunc
1133 1383 1227 1426 usum
1247 1383 1379 1445 prorsus

151 1464 276 1549 respuit
297 1464 439 1549 itemque
464 1463 606 1530 Velleius
631 1468 763 1549 excepto
788 1486 852 1530 uno
876 1465 947 1529 loco
970 1464 1013 1549 ΙΙ,
1037 1467 1098 1530 107
1123 1470 1285 1549 impetrata
1295 1463 1321 1551 ³)
1344 1471 1381 1530 ut

151 1591 279 1637 mauum
306 1572 490 1654 cautiuperet
517 1591 652 1636 reversus
675 1573 711 1635 iu
739 1571 916 1636 auriculam
940 1622 946 1634 .
966 1621 974 1636 .
993 1622 999 1634 .
1020 1623 1027 1636 .
1051 1573 1202 1654 appulsus
1223 1577 1274 1638 est.
1315 1573 1380 1637 iarn
1449 1590 1451 1600 ·

152 1679 185 1742 in
208 1700 246 1742 eo
271 1681 334 1760 est,
362 1680 399 1740 ut
421 1677 462 1740 ad
485 1675 633 1741 Tacitum
656 1677 763 1761 ipsum
786 1677 1044 1761 progrediamur,
1074 1679 1158 1762 apud
1181 1702 1276 1764 quern
1300 1679 1379 1743 locis

152 1788 305 1869 quattuor
324 1788 358 1848 et
376 1783 593 1867 quadraginta
612 1783 773 1848 ablativus
793 1783 962 1848 absolutus
980 1785 1144 1869 participii
1164 1785 1244 1869 perf.
1259 1787 1379 1850 omisso

152 1892 355 1957 substantivo
387 1891 533 1976 ponitur,
561 1912 698 1974 quorum
726 1891 837 1955 decem
865 1885 947 1975 (non
975 1911 1031 1955 sex
1061 1895 1097 1956 ut
1119 1891 1265 1978 Draeger
1288 1891 1379 1977 dicit)

151 2000 184 2064 in
215 1999 371 2063 historias
403 1997 530 2062 eadunt.
572 1997 751 2062 minoribus
787 2018 868 2080 quae
901 1996 1052 2061 dicuntur
1079 1999 1120 2062 ab
1149 2000 1300 2084 operibus
1328 1998 1381 2062 hie

152 2129 227 2170 usus
252 2105 377 2170 alienus
401 2109 458 2168 est.
495 2105 593 2168 etiam
615 2104 677 2168 hac
700 2105 800 2189 igitur
818 2125 854 2168 re
876 2103 1117 2200 demonstratur
1140 2105 1226 2189 quod
1252 2104 1380 2187 saepius

152 2213 339 2278 monuimus
354 2211 460 2275 Taciti
479 2233 573 2275 usum
592 2210 745 2296 loquendi
764 2211 925 2296 gradatim
945 2232 1017 2274 eam
1036 2212 1175 2275 formam
1199 2213 1381 2277 assecutum

151 2342 235 2404 esse,
265 2339 362 2403 quam
389 2317 465 2382 libri
488 2319 653 2382 annalium
677 2317 843 2402 praebent.
884 2317 1031 2401 exempla
1060 2322 1148 2383 sunt:
1181 2341 1255 2383 ann.
1278 2317 1308 2400 I,
1337 2315 1381 2380 35

151 2427 238 2492 mites
259 2426 401 2490 strictum
420 2425 526 2489 obtulit
540 2425 682 2507 ptadium
701 2425 804 2488 addito
823 2425 990 2488 acutiorem
1008 2443 1078 2490 esse.
1110 2424 1135 2508 I,
1149 2426 1192 2490 46
1210 2431 1245 2489 at
1263 2424 1382 2489 Boutae

152 2533 289 2598 amedeum
312 2534 429 2615 capuita
451 2533 506 2614 quii
526 2532 636 2613 fuisset
662 2533 762 2597 exitus
784 2534 820 2596 iu
842 2529 980 2613 Illyrico,
1022 2531 1052 2616 I,
1075 2531 1118 2595 49
1142 2534 1270 2613 quidam
1293 2533 1381 2597 boua-

151 2660 223 2703 ram
255 2641 336 2704 caesi
367 2644 531 2721 postquam
563 2640 710 2704 iutettectc
740 2641 774 2704 iu
806 2659 880 2721 quos
909 2640 1077 2704 saeviretur
1103 2639 1232 2721 pessimi
1266 2659 1382 2721 qaoque

152 2767 244 2812 arma
266 2750 444 2828 rapucruut.
477 2746 502 2828 I,
525 2745 568 2810 50
592 2741 800 2830 enarrator)
833 2745 857 2829 I,
877 2746 919 2809 66
940 2745 1073 2810 Caeciua
1095 2750 1244 2828 comperto
1268 2765 1381 2809 cauam

153 2873 213 2919 esse
233 2853 435 2934 formidinem
457 2853 569 2918 ctarrsit
585 2853 678 2917 amm.
706 2852 789 2935 1,75
811 2852 972 2935 Pr0perti0
992 2853 1089 2918 aemi·
1109 2853 1265 2934 praetorio
1288 2901 1295 2914 .
1316 2903 1321 2914 .
1342 2899 1376 2914 ..

226 3065 253 3133 1)
283 3062 420 3119 Sortito
443 3066 472 3118 et
491 3063 670 3133 auspicato
695 3063 814 3118 ablativi
836 3064 915 3120 velut
937 3065 997 3117 tam
1015 3063 1099 3118 multi
1122 3063 1246 3118 Graecae
1268 3062 1382 3130 linguae

153 3150 310 3207 accusativi
329 3151 451 3207 absoluti
469 3151 667 3207 adverbiorum
685 3153 742 3209 vim
761 3153 882 3220 habent,
902 3152 937 3206 ef.
956 3153 1059 3223 Zumpt
1075 3152 1122 3208 Gr.
1142 3154 1173 3207 L.
1193 3158 1208 3218 §
1226 3157 1286 3208 266.

226 3245 253 3308 2)
279 3240 319 3294 Cf.
338 3241 479 3310 Kithnast‚
498 3241 549 3295 Die
568 3242 771 3312 Hauptpunkte
791 3243 841 3296 der
858 3241 919 3297 Liv.
939 3241 1016 3311 Synt.
1034 3243 1068 3296 Il.
1087 3261 1114 3312 p.
1134 3247 1195 3297 269.

227 3334 255 3399 3)
271 3330 530 3399 Impetratoque
544 3330 631 3385 habet
644 3331 675 3398 P,
689 3317 931 3400 imperataque
946 3331 975 3384 M
991 3331 1021 3384 A.
1042 3329 1175 3400 quoniam
1188 3331 1283 3383 autem
1297 3327 1383 3383 lectio

154 3419 409 3489 impetratoque
436 3417 512 3473 haud
540 3417 624 3472 dubie
650 3435 716 3474 vera
740 3420 784 3474 est
811 3420 841 3474 et
865 3418 953 3474 editio
980 3418 1113 3489 princeps
1143 3433 1197 3486 qua
1225 3417 1383 3473 continetur

155 3525 189 3562 ex
211 3508 250 3576 R,
278 3507 369 3577 primo
397 3507 576 3577 apographo,
603 3505 696 3573 fluxit,
724 3505 794 3561 tacit
816 3505 903 3561 etiam
928 3505 974 3560 hic
1002 3506 1081 3561 locus
1104 3507 1140 3560 ad
1164 3505 1383 3562 confirmandam

156 3613 218 3652 eam
242 3595 425 3666 sententiam,
449 3611 534 3665 quam
557 3596 642 3651 Halm
661 3595 696 3650 de
719 3595 882 3666 apographo
907 3595 996 3665 primo
1019 3594 1139 3665 protulit
1156 3595 1187 3650 in
1204 3593 1274 3648 Mus.
1294 3593 1381 3648 Rhen.

157 3686 243 3756 XXX¹
263 3705 290 3756 p.
310 3691 362 3740 534
382 3705 441 3758 squ.
1073 3715 1077 3724 ·

228 3779 257 3845 4)
284 3777 317 3830 In
343 3776 424 3830 libris
446 3775 645 3845 manuscriptis
668 3774 802 3846 legimus:
827 3777 900 3831 Iade
924 3777 1011 3831 sottus
1034 3776 1161 3832 obseruas
1179 3781 1302 3844 permeat
1320 3791 1384 3830 cau·

156 3865 293 3934 sultatque
315 3882 349 3920 ea
371 3865 478 3920 duobus
505 3865 652 3920 itineribus
679 3867 755 3920 breue
777 3870 802 3918 at
824 3865 934 3919 solitum
961 3868 1091 3934 sequatur
1115 3882 1153 3919 au
1179 3865 1338 3934 impeditius
1360 3869 1385 3919 et

155 3957 348 4023 intemptatum
366 3970 446 4024 coque
459 3955 581 4010 baatibua
601 3955 745 4008 incautum
763 3954 864 4008 delecta
888 3954 1008 4022 toupiore
1026 3955 1073 4008 aia
1091 3959 1178 4008 cetera
1191 3955 1384 4008 acceleraretur.

157 4041 363 4097 Offendendum
387 4042 463 4096 certe
486 4044 530 4097 est
548 4042 577 4096 in
596 4041 771 4111 parataetioa
793 4041 942 4095 verborum
961 4043 1114 4111 permeat
1142 4042 1384 4110 consultatque

158 4129 361 4187 coniunctione.
396 4147 432 4184 an
450 4134 533 4200 putas
556 4146 612 4184 uno
637 4129 791 4198 eodemque
813 4130 940 4198 tempore
965 4129 1066 4185 debere
1084 4130 1172 4186 verba
1189 4131 1243 4197 uti,
1267 4147 1385 4198 quorum

158 4221 278 4274 alterum
304 4218 437 4289 designat
461 4235 520 4273 rem
545 4219 744 4289 principalem,
770 4217 890 4272 alterum
909 4235 950 4272 ea·
965 4219 1089 4287 tantum,
1113 4235 1184 4288 quae
1209 4235 1323 4273 necesse
1342 4221 1386 4273 est

156 4308 263 4363 iamdiu
287 4309 365 4364 facta
387 4307 457 4376 sint,
481 4308 505 4362 si
528 4307 581 4362 illa
604 4307 731 4363 accidere
756 4307 865 4362 debeat.
907 4308 991 4362 multi
1018 4310 1072 4364 hoa
1094 4310 1165 4363 bene
1188 4307 1386 4362 intellexerunt

158 4397 271 4453 admitti
299 4413 356 4451 non
383 4412 479 4466 posse,
513 4398 563 4450 sed
586 4397 694 4451 mederi
721 4397 785 4451 loeo
812 4412 894 4450 nemo
918 4396 1018 4466 potuit.
1060 4396 1171 4451 Ritschl
1194 4397 1305 4450 demum
1329 4413 1385 4464 quo

160 4490 220 4542 erat
238 4485 401 4542 acutissimo
420 4486 536 4556 ingenio
554 4486 702 4540 inserendo
721 4485 848 4540 vocalem
868 4501 892 4552 a,
911 4502 982 4554 quae
1001 4487 1117 4556 propter
1134 4484 1255 4540 similem
1272 4484 1385 4540 litterae

158 4595 194 4647 pu
210 4577 377 4646 scripturam
387 4575 532 4630 evanuisse
542 4573 654 4630 videtur
669 4572 929 4645 (consultatque
942 4607 972 4616 —
985 4573 1385 4642 consultatoque)omnem
1451 4622 1453 4627 .

160 4666 271 4737 egregie
291 4664 399 4720 delerit
416 4663 606 4732 offensionem,
626 4664 659 4718 ef.
680 4661 829 4718 Bitschelii
848 4665 982 4733 opuscula
1000 4661 1099 4734 philol.
1119 4662 1166 4717 ΙΙΙ.
1185 4681 1212 4734 p.
1232 4669 1291 4718 826.
