3330 5228
256 315 300 376 42
731 353 735 366 .
802 314 860 383 Cap
879 315 892 368 t
910 314 944 368 II.

260 477 318 542 tivi
338 478 481 559 usurpat.
518 474 582 542 die.
601 477 640 541 de
660 498 705 542 or.
719 476 749 559 I,
763 477 806 542 49
832 478 877 543 Μ.
896 476 1034 542 Senarus
1053 479 1102 542 cir
1119 481 1265 561 rependere
1282 477 1487 560 reipublicae

258 585 485 649 scientissimus.
518 584 668 649 audacius
688 586 750 667 est,
765 604 837 648 cum
851 583 1057 668 participium
1072 583 1129 648 fut.
1144 607 1229 668 pass.
1248 583 1319 650 vice
1334 561 1485 648 adiectivi

259 689 387 755 relativi
410 690 566 776 fungatur
584 691 674 755 sicut.
717 690 790 755 Tae.
810 713 884 756 ann.
903 689 992 774 XIV,
1009 693 1053 757 40
1080 713 1175 774 neque
1197 713 1318 758 morum
1340 711 1483 774 spernere·

257 797 315 862 dus
336 796 512 862 habebatur.
554 797 671 862 similia
695 798 781 882 apud
804 801 929 863 ceteros
953 798 1126 882 scriptores
1149 821 1216 864 non
1239 799 1458 864 inveniuntur.

518 1007 571 1065 1v.
596 1009 640 1063 De
659 1008 799 1076 genetivo
819 1008 871 1076 qul
891 1008 1040 1079 dependet
1059 1009 1095 1065 de
1114 1008 1217 1066 verbo.

346 1134 451 1200 Huius
472 1157 550 1199 usus
566 1137 714 1219 exempla
732 1139 860 1219 praeter
875 1136 1022 1201 Tacitum
1041 1136 1127 1220 apud
1148 1137 1273 1201 nullum
1292 1135 1485 1220 scriptorem

258 1245 441 1325 suppetunt.
490 1242 555 1305 iam
586 1242 672 1307 Witt
704 1242 768 1306 loci
795 1242 890 1306 unius
918 1243 1117 1307 mentionem
1150 1242 1234 1308 feeit.
1281 1265 1355 1308 ann.
1379 1242 1422 1327 II,
1441 1243 1484 1307 43

257 1353 286 1412 ct
302 1348 467 1413 Piericam
485 1347 571 1413 baud
587 1349 675 1414 dubie
692 1349 835 1431 Augusto
853 1351 974 1414 monuit
991 1351 1195 1415 oemeetute‘oue
1211 1350 1355 1415 muliebri
1368 1350 1485 1432 Acen

251 1455 366 1536 pinam
394 1456 572 1521 insectandi.
620 1477 682 1540 quo
716 1456 754 1519 de
782 1457 852 1521 loco
879 1478 983 1540 pauca
1010 1455 1146 1521 dicenda
1176 1459 1264 1540 sunt,
1295 1479 1373 1520 nam
1401 1456 1485 1520 ratio

258 1562 470 1646 grammatica
497 1584 565 1627 non
587 1563 634 1626 ita
660 1560 765 1626 facilis
793 1562 957 1628 intellectu
980 1565 1046 1647 est,
1075 1565 1111 1627 ut
1138 1585 1250 1628 omnes
1279 1561 1484 1648 grammatici

258 1671 375 1751 putent
397 1669 476 1733 illud
496 1670 677 1752 exemplum
697 1668 808 1733 cadere
827 1669 862 1732 in
881 1669 913 1733 id
933 1689 1047 1754 genus,
1071 1669 1123 1733 cui
1143 1668 1362 1754 attribuimus,
1386 1691 1485 1753 quare

213 1822 217 1830 .
259 1774 334 1858 quid
353 1776 399 1838 rei
419 1776 461 1839 sit
479 1777 662 1840 accuratius
681 1776 855 1840 videamus.
888 1776 1025 1841 aeduae
1044 1779 1174 1842 exstant
1192 1775 1486 1859 interpretationes.

263 1881 438 1945 secundum
465 1882 614 1966 alteram,
649 1882 701 1946 cui
731 1883 818 1948 Roth
848 1882 886 1946 ad
913 1883 987 1948 Tac.
1011 1884 1087 1968 Agr.
1110 1907 1141 1968 p.
1161 1883 1225 1948 266
1253 1883 1486 1967 patrocinatur,

259 1987 391 2051 verbum
429 1990 578 2053 monuit
615 1989 761 2054 absolute
793 1990 936 2074 positum
974 1993 1036 2075 est,
1073 2012 1176 2074 neque
1214 1990 1280 2054 ulla
1315 1990 1400 2056 ratio
1434 1991 1484 2053 est

260 2093 346 2157 inter
373 2094 453 2158 illud
480 2097 671 2160 vocabulum
706 2100 738 2161 et
766 2097 957 2182 gerundium
980 2096 1223 2182 insectandi,
1252 2097 1338 2182 quod
1366 2097 1405 2161 de
1429 2097 1485 2162 ab·

258 2201 357 2265 lativo
385 2201 570 2266 muliebri
598 2204 862 2269 aemulatione
890 2205 1061 2289 dependet,
1094 2225 1175 2289 quae
1203 2204 1275 2288 ipsa
1304 2204 1402 2268 verba
1430 2205 1486 2269 ab·

260 2306 362 2371 solute
391 2310 518 2392 prolata
544 2314 627 2375 sunt
671 2333 769 2394 quare
798 2311 986 2376 vertendum
1010 2314 1073 2375 est:
1112 2311 1217 2375 sicher
1245 2311 1302 2394 ist,
1329 2310 1405 2375 dass
1434 2310 1486 2374 die

259 2413 400 2478 kaiserin
424 2416 479 2480 der
497 2415 653 2482 Plancina
677 2419 782 2482 winke
806 2419 969 2504 gegeben,
993 2417 1027 2481 in
1051 2417 1200 2482 weiblich
1224 2415 1485 2503 cifersiiehtigem

261 2520 445 2606 bestreben,
469 2523 653 2608 Agrippina
675 2546 714 2587 uu
736 2525 891 2589 krbnken.
928 2525 989 2589 hac
1012 2523 1047 2587 in
1067 2523 1294 2608 explicatione,
1314 2525 1368 2589 cui
1387 2524 1485 2590 etiam

258 2625 418 2691 Emanuel
445 2627 654 2714 Hoffmann¹)
689 2631 839 2696 assentiri
868 2631 1006 2714 videtur,
1035 2629 1116 2695 nihil
1149 2633 1198 2695 est
1227 2629 1429 2716 offensionis,
1457 2631 1486 2695 si

127 2813 130 2822 .
262 2733 447 2799 discesseris
489 2735 530 2799 ab
567 2735 832 2820 interpretatione
869 2737 959 2802 verbi
996 2737 1168 2802 monuit·
1209 2736 1271 2802 hoe
1303 2737 1389 2801 enim
1422 2760 1486 2822 quo

263 2844 387 2924 spectet
409 2863 540 2924 prorsus
567 2842 716 2929 intellegi
738 2867 805 2909 non
828 2847 944 2929 potest.
981 2844 1015 2908 in
1039 2844 1300 2910 antecedentibus
1323 2845 1413 2909 nulla
1436 2845 1484 2909 in-

259 2948 388 3013 venitur
407 2949 598 3033 admonitio,
622 2955 766 3015 attamen
786 2952 913 3016 adrem
932 2951 1074 3036 aliquam
1093 2950 1253 3016 referatur
1276 2972 1406 3016 necesse
1425 2954 1484 3016 est

259 3078 358 3139 quare
386 3057 557 3122 manifesto
592 3060 683 3141 patet
715 3057 775 3122 Ad.
807 3057 971 3123 Stahrium
1002 3057 1100 3122 verba
1128 3058 1186 3121 illa
1214 3057 1386 3122 violentius
1416 3079 1485 3121 ver-

258 3162 350 3246 tisse,
380 3184 451 3227 cum
481 3163 608 3228 dixerit:
637 3164 671 3228 in
698 3164 818 3228 betreff
845 3164 900 3228 der
922 3163 1079 3228 Plancina
1105 3163 1149 3227 ist
1177 3185 1210 3228 es
1238 3164 1486 3248 unzweifelhaft,

261 3269 335 3334 dass
364 3269 415 3333 ihr
443 3269 493 3334 die
521 3269 560 3333 A.
593 3271 627 3334 in
661 3270 807 3335 weiblich
836 3269 1096 3356 cifersiichtigem
1124 3270 1296 3335 bestreben
1328 3269 1398 3335 sich
1431 3271 1487 3334 der

260 3375 444 3461 Agrippina
471 3376 643 3461 feindselig
670 3399 709 3441 zu
737 3377 892 3442 ervveisen
920 3376 1051 3441 solche
1075 3377 1181 3441 winke
1210 3377 1283 3462 gab.
1329 3381 1486 3464 tanquam

260 3485 288 3551 si
311 3485 410 3550 verbo
434 3484 585 3549 monuit
613 3483 772 3549 adiectum
796 3487 883 3549 esset
909 3505 978 3550 voc.
1002 3483 1108 3548 talia.
1152 3483 1232 3548 haec
1259 3483 1358 3570 igitur
1387 3483 1484 3547 inter-

260 3593 401 3678 pretatio
424 3613 555 3676 prorsus
580 3589 656 3655 ferri
679 3591 799 3674 nequit.
840 3612 943 3675 neque
962 3591 1069 3654 minus
1088 3590 1191 3654 altera
1214 3590 1308 3655 nobis
1329 3590 1486 3676 displicet,

264 3700 375 3764 cui-
400 3698 554 3763 aWittio
578 3698 729 3761 inventae
750 3734 787 3743 -
814 3696 960 3782 Draeger
982 3696 1069 3760 haud
1092 3699 1281 3761 cunctanter
1299 3697 1485 3762 assentitur.

262 3805 449 3869 existimant
472 3805 557 3869 enim
584 3803 633 3868 illi
657 3802 718 3867 viri
742 3804 829 3869 docti
852 3804 1038 3889 genetivum
1068 3803 1216 3888 gerundii
1244 3802 1422 3886 dependere
1446 3803 1485 3866 de

259 3912 357 3977 verbo
389 3911 538 3976 monuit
570 3914 602 3975 et
630 3910 893 3976 aemulatione
922 3911 1103 3975 muliebri
1132 3931 1202 3974 esse
1231 3909 1410 3974 ablativum
1437 3910 1484 3974 in·

261 4019 446 4084 strumenti:
470 4016 714 4082 unzweifelhaft
729 4016 788 4081 hat
807 4017 889 4082 auch
908 4017 958 4081 die
977 4015 1016 4081 A.
1035 4016 1091 4081 der
1110 4015 1267 4080 Plancina
1286 4017 1379 4080 einen
1398 4017 1485 4081 winlr

260 4126 419 4212 gegeben,
442 4125 543 4190 durch
562 4125 614 4188 ein
634 4123 782 4188 weiblich
802 4124 1046 4209 cifersiichtiges
1065 4123 1235 4188 bestreben
1255 4121 1353 4207 (nach
1368 4124 1486 4209 gleich-

260 4231 415 4317 stellung)
430 4233 481 4297 die
495 4231 631 4317 Agripp.
650 4253 689 4294 uu
703 4231 859 4296 krbnlren.
891 4231 968 4295 huic
981 4229 1241 4314 interpretationi
1257 4230 1380 4314 obstat,
1400 4231 1485 4316 quod

260 4363 299 4404 ex
318 4361 385 4404 voc.
404 4339 587 4403 muliebri
605 4340 739 4421 apparet
758 4335 908 4401 Tacitum
926 4336 1032 4401 verbis
1057 4358 1147 4403 aem.
1165 4336 1250 4400 mul.
1271 4359 1363 4400 suum
1382 4336 1484 4420 ipsius

260 4467 446 4531 expromere
465 4446 632 4528 iudicium,
657 4465 739 4528 quae
759 4465 831 4508 eum
849 4444 897 4507 ita
916 4443 993 4528 sint,
1015 4444 1097 4508 nihil
1117 4447 1178 4527 est,
1202 4465 1259 4507 eur
1276 4443 1374 4507 verba
1393 4465 1484 4509 aem.

334 4659 360 4728 1)
379 4656 475 4712 Jahrb.
495 4655 513 4708 f.
533 4654 603 4727 phil.
622 4673 648 4708 u.
667 4654 731 4726 ped.
753 4652 822 4722 OlX,
840 4672 867 4725 p.
888 4659 947 4710 548.
