3340 5218
285 286 328 350 10
820 288 912 358 Caput
929 289 977 345 III.

284 451 473 516 aeaiendam.
514 451 582 536 Iug.
605 452 702 534 43,4
725 454 768 517 ad
789 473 825 517 ea
843 457 1003 538 patranda
1027 504 1114 520 ....
1138 456 1238 520 ommis
1261 456 1370 520 ciritae
1392 475 1520 520 samma

284 559 384 624 stadio
407 558 584 622 enitebatur.
625 560 677 637 62,
697 560 716 624 8
740 562 895 642 cumipse
917 563 960 627 ael
980 564 1197 645 imperandam
1214 562 1371 627 Pisidiam
1393 579 1519 627 eocare-

286 670 344 729 tar.
391 665 447 749 63,
475 666 495 729 2
528 667 578 750 ad
598 686 686 746 pamm
715 662 946 752 (consulatum)
975 671 1156 751 capiendam
1177 674 1304 753 praeter
1334 674 1520 734 vetustatem
1650 670 1651 685 ¹

283 773 426 852 familiae
457 772 524 836 alia
555 773 660 836 ommia
687 773 807 838 abunde
833 779 930 839 erant.
975 776 1076 859 95,3
1109 777 1152 862 ad
1181 776 1361 840 simulanda
1392 777 1521 858 nepotia

171 875 173 879 ’
225 933 229 938 .
285 879 415 944 altitudo
447 880 565 961 iapeaii
595 879 791 944 incredibilis.
840 881 961 964 111‚4
993 883 1036 946 ad
1065 883 1275 948 simabmdam
1291 903 1402 964 1101111
1425 932 1431 946 .
1452 933 1460 948 .
1480 932 1520 947 ..

283 1007 362 1068 qaae
393 986 486 1050 utilia
516 986 584 1050 aisa
615 988 810 1050 coastitmmt.
846 986 921 1051 hist.
950 987 974 1071 Ι,
997 989 1094 1072 41,3
1127 991 1170 1055 ad
1190 1011 1235 1068 ,ea
1267 1009 1345 1071 aicae
1379 990 1519 1054 maiores

285 1095 411 1158 pietates
428 1113 570 1174 peperere
592 1092 807 1157 subcurtanda.
844 1093 947 1158 11121
972 1095 1020 1158 Μ.
1039 1094 1211 1162 Aemiliam
1232 1097 1385 1161 consulem
1408 1098 1519 1161 ducam

286 1205 485 1266 clamatorem
507 1201 671 1281 sequimini
694 1202 737 1265 ad
757 1202 962 1283 recipiendam
986 1203 1161 1268 libertatem.
1198 1203 1227 1287 I,
1241 1204 1284 1268 48
1301 1209 1429 1286 praeter
1451 1205 1518 1268 ido-

286 1328 377 1372 neam
395 1307 500 1370 aviam
518 1306 598 1371 111111
616 1307 699 1371 abest
716 1308 760 1371 ad
775 1307 1015 1372 subvortundum
1032 1310 1205 1391 imperium.
1239 1309 1314 1373 hist.
1334 1308 1397 1393 ΠΙ,
1417 1310 1470 1393 61,
1494 1311 1516 1375 7

286 1415 370 1478 raris
392 1415 474 1478 caim
496 1414 621 1478 animas
643 1419 687 1478 est
708 1415 751 1478 ad
772 1434 809 1478 ea
830 1435 908 1496 qaae
923 1416 1049 1497 placeat
1069 1416 1271 1497 defendenda.

735 1571 779 1626 II.
804 1570 847 1626 ob
866 1571 1063 1640 praepositio.

376 1681 449 1746 Tae.
469 1703 541 1744 ann.
561 1679 657 1764 XI,5
680 1682 715 1745 ob
738 1702 864 1746 cuasam
887 1684 1046 1746 croadam.
1084 1681 1159 1746 Sall.
1179 1682 1249 1767 Ing.
1264 1683 1320 1766 89,
1339 1684 1360 1747 2
1384 1682 1420 1746 ob
1443 1703 1517 1747 suos

288 1790 440 1852 testandae.
479 1788 555 1871 102,
581 1788 621 1850 12
644 1788 680 1852 ob
702 1809 830 1870 repetam
855 1789 1026 1852 tutandam.

723 1944 785 1999 III.
809 1943 910 2000 circa
927 1945 1124 2015 praepositio.

376 2055 469 2120 Unus
498 2055 604 2117 exstat
631 2051 715 2136 apud
744 2051 896 2118 Taciturn
920 2055 1018 2120 loeus.
1060 2055 1143 2120 Dial.
1166 2058 1209 2122 28
1242 2059 1278 2121 de
1304 2057 1462 2122 seueritate
1488 2062 1518 2122 et

287 2164 454 2245 disciplima
476 2162 631 2226 mamram
653 2163 736 2226 circa
752 2163 929 2236 educandos
949 2162 1188 2246 formuadosqae
1211 2164 1326 2229 liberos,

853 2377 873 2454 1
899 2374 948 2438 14.

783 2509 832 2563 De
855 2507 1014 2564 aaaesvo.

378 2641 514 2706 Prorsus
552 2640 662 2704 eadem
701 2640 785 2704 ratio
819 2645 915 2726 atque
947 2642 1017 2726 illa,
1051 2663 1150 2728 quam
1184 2644 1389 2730 antecedenti
1420 2667 1515 2728 para-

290 2749 414 2835 grapho
451 2748 536 2812 inter
566 2746 785 2811 accusativum
818 2748 987 2832 gerundivi
1020 2753 1052 2814 et
1088 2750 1285 2814 substantivi
1317 2751 1515 2816 intercedere

290 2855 515 2942 cognovimns,
542 2853 704 2917 invenitur
727 2853 760 2916 in
784 2854 936 2919 ablativo.
978 2855 1076 2919 etiam
1104 2856 1184 2920 haec
1208 2858 1354 2940 exempla
1376 2859 1514 2922 nomini-

290 2964 351 3027 bus
375 2961 547 3026 abstractis
570 2960 788 3026 circumscribi
811 2964 960 3045 possunt,
982 2961 1018 3026 in
1037 2985 1100 3046 quo
1119 2964 1297 3028 notandum
1318 2964 1352 3029 id
1374 2987 1441 3029 non
1466 2987 1515 3030 so-

292 3070 359 3133 lum
383 3068 520 3133 inveniri
539 3071 614 3152 post
633 3066 859 3130 antecedentes
878 3069 1145 3152 praepositiones
1169 3069 1224 3134 sed
1250 3070 1347 3133 etiam
1366 3071 1421 3134 nbi
1440 3071 1515 3136 sim-

290 3178 364 3261 plex
387 3174 548 3239 ablativus
572 3173 812 3236 instrumentali
836 3174 968 3238 notione
993 3178 1049 3238 aut
1071 3175 1193 3240 modali
1215 3177 1325 3240 utitur.
1371 3177 1434 3241 dno
1453 3177 1515 3262 igi-

290 3287 343 3347 tur
371 3303 489 3367 genera
516 3278 743 3364 distinguenda
770 3283 858 3363 sunt,
892 3287 989 3362 prout
1016 3280 1175 3346 ablativus
1205 3281 1349 3366 sequitur
1377 3305 1512 3368 praepo-

291 3389 423 3453 sitiones
446 3391 504 3452 aut
528 3408 623 3451 sensu
646 3386 882 3450 instrumentali
906 3383 1087 3469 usurpatur.

485 3601 523 3664 A.
556 3600 601 3664 De
624 3597 779 3664 Abletivo
804 3597 860 3679 qni
883 3598 1029 3679 sequitur
1051 3600 1314 3683 praepositiones.

747 3757 775 3810 I.
799 3755 840 3810 de
858 3757 1055 3825 praepositio.

380 3865 456 3929 Tae.
487 3887 558 3929 ann.
587 3864 632 3948 ΙΙ,
656 3867 698 3928 32
729 3866 815 3946 saeta
846 3869 875 3930 et
905 3867 941 3930 de
972 3867 1195 3933 mathematicis
1227 3871 1383 3951 aaapisqae
1414 3870 1514 3934 Italia
1651 3813 1652 3836 i

287 3973 438 4056 pellendas
455 3977 580 4037 servatas
598 3971 744 4036 consalta.
776 3969 877 4055 II,85
895 3978 998 4038 aetam
1015 3976 1096 4039 etde
1113 3976 1211 4040 sacris
1228 3975 1391 4059 Aeppptiis
1404 3976 1513 4041 Iudai·
1651 3973 1652 3986 ¹

291 4082 392 4164 cisque
413 4079 572 4160 pellendis.
612 4076 668 4162 IV,
691 4079 711 4142 9
735 4080 771 4143 de
792 4081 946 4144 1011111111
972 4081 1135 4164 republica.
1179 4080 1236 4165 IV,
1263 4083 1302 4146 16
1330 4083 1367 4146 de
1387 4083 1514 4164 flamim
1651 4111 1652 4188 ,

293 4235 380 4251 ....
408 4185 528 4267 tepeado
551 4185 645 4250 simul
667 4187 806 4267 repanda
827 4206 908 4250 meaa
930 4188 1074 4252 dissentit
1095 4186 1219 4253 Caesar.
1266 4187 1324 4271 IV,
1347 4189 1390 4253 30
1413 4194 1513 4254 aetum

291 4293 327 4356 ele
344 4291 496 4373 praemiis
519 4296 730 4357 camelorum
757 4292 921 4357 abolendis.
967 4292 1029 4374 VI,
1052 4293 1095 4357 46
1127 4294 1278 4359 dubitauit
1303 4296 1339 4360 de
1365 4297 1513 4360 tradenda

290 4397 455 4480 republica.
494 4396 555 4481 XI,
575 4399 616 4462 23
639 4419 709 4462 cum
731 4399 767 4462 de
788 4399 953 4478 suppletae
975 4405 1084 4464 semota
1106 4402 1284 4482 apitaretar.
1321 4401 1399 4485 XII,
1414 4403 1457 4467 52
1479 4404 1513 4468 de

292 4505 515 4568 mathematicis
533 4504 633 4568 Italia
649 4505 800 4585 pellendis
817 4509 942 4568 seaatm
960 4508 1130 4572 coasultum
1148 4512 1245 4572 atrae.
1283 4508 1344 4592 XI,
1358 4509 1398 4573 61
1423 4513 1511 4574 tetta

293 4611 331 4677 lit
351 4611 388 4676 de
409 4610 605 4674 immaculate
628 4609 698 4676 Oois
721 4610 889 4676 tribuenda.
931 4609 1024 4697 XIII,
1048 4614 1091 4678 34
1119 4616 1155 4680 de
1177 4614 1339 4682 obtinenda
1361 4615 1511 4682 Armenia
