3330 5228
478 332 519 388 De
538 334 680 405 participii
698 335 800 390 natura
817 334 960 389 nominali.
1286 333 1328 398 33

112 520 189 583 quae
208 498 244 562 in
257 497 340 562 Livii
355 501 391 563 ut
405 499 552 581 exemplo
572 502 702 565 utamur
717 498 844 582 scriptis
863 497 1034 562 invenitur.
1067 497 1123 562 sed
1136 498 1198 563 hoc
1212 498 1328 561 mirum

106 628 170 670 non
198 605 360 670 videbitur
388 605 442 690 iis,
475 605 529 689 qui
563 605 799 670 considerarint
826 603 976 669 Tacitum
1009 605 1089 670 satis
1120 605 1224 670 multa
1255 603 1329 668 usui

106 711 256 796 loquendi
275 711 432 796 intulisse,
457 712 573 796 quibus
593 716 772 777 structuras
791 711 1082 795 praepositionales
1101 711 1228 776 vitaret.
1266 711 1327 774 ita·

106 841 165 903 que
184 841 254 883 cum
278 817 363 882 haud
384 839 464 902 opus
488 819 531 882 sit
553 818 637 884 hane
659 841 728 884 rem
751 839 808 903 per
832 841 865 882 se
886 818 1157 902 simplicissimam
1183 817 1329 902 pluribus

105 925 209 989 verbis
233 924 416 1008 explanare,
445 926 555 990 statim
583 927 730 1010 exempla
758 926 830 1010 ipsa
854 924 1033 990 afferamus.
1080 946 1116 988 ac
1144 947 1209 989 una
1236 945 1327 1008 prae·

104 1031 236 1115 positio,
264 1053 344 1116 quae
371 1031 435 1095 huc
465 1035 605 1115 spectat,
633 1036 682 1097 est
708 1034 763 1116 ud,
791 1032 906 1096 ceteris
938 1032 994 1096 isti
1029 1032 1200 1116 scriptores
1232 1031 1329 1096 absti-

105 1141 253 1202 nuerunt.

193 1245 265 1309 Tae.
290 1265 364 1310 ann.
387 1244 434 1328 ΙΙ,
457 1245 501 1309 42
527 1247 557 1310 si
583 1248 626 1311 uel
647 1247 838 1328 1444441444
860 1245 984 1309 ueniret.
1026 1244 1072 1329 ΙΙ,
1096 1246 1138 1311 66
1166 1265 1330 1311 accommo-

104 1353 252 1416 datiorem
274 1352 318 1416 ud
340 1352 522 1433 fallendam.
565 1350 628 1435 ΠΙ,
652 1352 693 1416 51
723 1373 786 1417 non
813 1354 936 1417 senatui
963 1352 1087 1417 tebertus
1109 1354 1152 1417 ud
1173 1353 1329 1434 poeniten·

103 1459 175 1523 dnm
193 1463 267 1522 erat.
303 1456 368 1544 ΠΙ,
387 1460 428 1524 67
453 1459 497 1523 uel
518 1460 725 1523 4444444144
748 1459 876 1524 delectis.
912 1458 968 1543 IV,
989 1460 1027 1522 11
1052 1459 1140 1524 44114
1163 1459 1206 1523 uri
1220 1459 1327 1542 poeni-

106 1566 227 1629 tendum
258 1585 404 1647 repressa.
448 1564 510 1650 IV,
534 1566 577 1629 26
607 1585 681 1648 pens
831 1565 874 1629 ud
903 1566 982 1630 sutis
1011 1566 1189 1646 faciendum
1215 1566 1331 1648 pepnlo

105 1671 244 1738 11441444
262 1674 395 1738 miserat.
427 1670 468 1756 V,
485 1673 501 1736 1
524 1693 561 1737 ne
582 1673 682 1755 spatio
702 1673 824 1754 qnidam
842 1673 886 1736 uel
904 1673 1078 1736 enitendum
1095 1667 1175 1738 dato.
1207 1672 1330 1757 XIV‚8

104 1780 133 1843 si
154 1781 197 1844 nd
216 1781 373 1846 biennum
395 1780 531 1844 uenisset.
579 1777 672 1864 XVI,
696 1780 715 1844 8
745 1780 788 1843 ud
802 1780 1049 1861 fflueeueendnrn
1071 1782 1233 1846 4414441144
1256 1784 1329 1844 eret.

105 1884 192 1969 XVI,
217 1887 257 1950 10
284 1886 328 1950 ud
353 1888 568 1951 4444441444.
618 1886 693 1950 hist.
716 1883 746 1969 Ι,
770 1884 810 1949 51
841 1887 1057 1969 septenne
1084 1888 1128 1951 uel
1153 1888 1330 1971 1149441144

104 1993 339 2075 nednednnnqne
360 1995 509 2058 materies.
546 1991 591 2072 II,
611 1993 631 2057 8
651 1993 780 2074 4444144
802 1992 846 2056 nd
864 1993 1037 2073 sallendnnn
1054 1995 1137 2076 fides.
1178 1995 1225 2079 ΙΙ,
1245 1996 1265 2058 9
1289 1997 1333 2060 nd

99 2101 348 2183 prosequendum.
384 2099 432 2184 Π,
454 2101 495 2164 14
517 2105 592 2182 opta
615 2101 658 2164 uel
679 2099 853 2163 1441441444
875 2100 968 2164 etiarn
988 2121 1185 2183 4494441444
1208 2122 1328 2167 nenne.

103 2205 134 2289 I,
149 2208 191 2271 79
213 2206 349 2272 14141114
366 2207 409 2272 uel
425 2207 651 2291 reserpentem.
687 2204 720 2269 H
726 2256 734 2290 ,
748 2205 790 2270 33
816 2204 894 2270 oeno
907 2227 1028 2288 pronns
1046 2209 1090 2272 ud
1106 2209 1327 2273 (7441441444.

103 2311 149 2396 ΙΙ,
166 2314 210 2379 40
229 2315 272 2379 ud
288 2314 470 2378 bellandum.
506 2313 548 2398 Π,
567 2315 608 2380 87
630 2312 778 2378 inhabilis
797 2314 840 2377 ud
849 2314 1034 2396 purendnnn.
1072 2312 1131 2400 ΙΙΙ,
1153 2315 1193 2380 15
1205 2321 1328 2398 postero

103 2421 152 2484 die
173 2421 216 2485 ud
236 2421 437 2485 4441441414
459 2422 589 2486 retentis.
636 2419 703 2504 ΠΙ,
729 2421 768 2485 18
797 2421 947 2485 minorem
970 2422 1013 2485 uel
1038 2423 1238 2488 resistmdnne
1261 2424 1329 2486 441-

103 2547 189 2590 44444
211 2527 334 2592 dubunt.
371 2525 434 2610 ΠΙ,
453 2528 496 2591 41
520 2548 614 2610 neque
637 2528 680 2591 nd
699 2527 872 2607 fallendum
890 2532 982 2609 eptns
1004 2549 1151 2594 nnnnerns
1173 2549 1267 2610 neque
1289 2529 1333 2592 acl

97 2635 331 2714 penetrandum.
368 2633 430 2716 IV,
453 2633 493 2698 15
516 2635 593 2700 setis
616 2634 730 2698 4141444
748 2634 987 2698 (4144444144.
1023 2633 1068 2718 V,
1091 2636 1133 2698 22
1156 2636 1200 2698 ud
1218 2635 1329 2715 sellen-

102 2740 177 2804 dnn
204 2741 324 2805 silentio
356 2742 403 2805 114
436 2745 539 2824 coeptu
569 2743 656 2806 caede
803 2745 911 2804 ennete
943 2741 1127 2807 elamoribus
1158 2741 1330 2806 miscebant.

103 2845 211 2931 Agric.
236 2848 254 2911 7
279 2848 322 2912 ud
342 2846 539 2912 cobibendnnn
557 2852 673 2929 potens.
717 2846 801 2913 Vell.
825 2847 859 2929 2,
884 2845 902 2910 7
927 2848 1005 2913 einis
1022 2848 1180 2913 Romanos
1202 2850 1246 2912 ud
1266 2869 1330 2912 een·

102 2954 230 3017 4441144
249 2973 286 3018 en
303 2955 473 3036 prouinciis
494 2953 679 3019 inlinitum
701 2929 955 3038 44444444411)
991 2953 1038 3041 ΙΙ,
1058 2956 1098 3019 61
1123 2955 1169 3020 eis
1191 2956 1235 3018 ud
1255 2956 1329 3020 resi-

176 3166 203 3234 1)
221 3163 274 3219 Hic
292 3166 369 3220 locus
384 3163 540 3218 disserendi
559 3163 593 3218 de
614 3165 649 3218 iis
664 3164 820 3236 gerundiis,
840 3181 911 3233 quae
930 3164 1071 3236 passiram
1089 3167 1147 3221 vim
1166 3167 1269 3222 habere
1288 3167 1329 3222 vi-

103 3253 217 3322 dentur,
242 3253 417 3309 occasionem
439 3253 563 3322 praebet.
601 3255 650 3308 scd
675 3271 738 3308 eum
756 3253 833 3310 Kritz
852 3254 888 3307 ad
908 3252 975 3308 Sall.
994 3253 1053 3324 lug.
1073 3261 1119 3323 52,
1139 3261 1155 3309 8
1179 3257 1252 3310 hane
1271 3273 1330 3310 rem

102 3341 216 3396 uberius
233 3342 376 3412 tractarit,
394 3344 490 3397 nostra
509 3341 658 3411 explicatio
678 3341 883 3414 angustissimis
902 3342 1002 3397 finibus
1022 3344 1206 3399 contineatur.
1244 3347 1329 3413 atque

102 3428 253 3500 impugnat
269 3429 347 3485 Kritz
367 3446 427 3486 eam
452 3429 635 3499 sententiam,
660 3448 694 3486 ex
718 3448 774 3499 qua
796 3431 974 3500 exploratum
997 3432 1041 3485 est
1063 3432 1229 3500 gerundium
1252 3433 1328 3487 haud

103 3533 168 3572 raro
186 3519 299 3588 passiva
317 3519 520 3590 significatione
539 3520 699 3590 praeditum
717 3537 786 3575 esse.

175 3605 225 3662 Est
247 3607 322 3663 enim
349 3625 405 3663 non
432 3611 491 3662 tam
519 3608 682 3678 insolentia,
711 3625 796 3677 quam
822 3608 1001 3678 neglegentia
1030 3608 1169 3678 quaedam
1195 3609 1328 3664 familiari

103 3698 226 3754 sermoni
248 3698 374 3768 propria,
402 3713 472 3766 quac
496 3698 525 3751 in
553 3699 658 3754 talibus
685 3697 874 3754 locutionibus
899 3697 1040 3752 invenitur
1063 3698 1219 3767 errorisque
1244 3715 1329 3754 causa

102 3788 172 3841 erat.
210 3803 275 3840 nam
295 3803 328 3840 ex
347 3788 480 3841 accurata
504 3788 693 3857 exemplorum
717 3785 934 3857 perlustratione
954 3802 1016 3840 eam
1039 3785 1177 3841 rationem
1201 3788 1329 3842 omnibus

101 3875 174 3928 locis
193 3875 306 3930 subesse
324 3874 521 3944 intellegetur,
545 3891 560 3928 e
580 3891 635 3943 qua
652 3892 765 3930 necesse
785 3875 822 3930 sit
839 3874 1009 3940 subiectum,
1034 3874 1079 3928 cui
1097 3875 1173 3930 actio
1192 3877 1328 3946 gerundio

101 3962 263 4032 significata
271 3962 412 4032 tribuitur,
427 3965 456 4017 et
465 3963 540 4031 quod
549 3963 684 4018 nonsatis
698 3963 846 4019 manifesto
856 3963 1009 4018 indicatum
1020 3964 1072 4032 est,
1083 3964 1220 4033 supplere.
1245 3964 1328 4019 offen-

101 4050 176 4106 sioni
195 4051 281 4106 etiam
305 4054 360 4121 est,
383 4053 458 4120 quod
482 4051 573 4122 ipsum
591 4052 671 4106 verbi
696 4051 837 4107 obiectum
860 4067 1060 4120 nonnunquam
1083 4067 1117 4105 ex
1140 4052 1328 4108 antecedenti-

100 4141 154 4193 bus
173 4139 267 4216 repeti
284 4139 374 4196 debet.
413 4141 512 4210 quibus
538 4141 688 4211 disputatis
714 4140 798 4195 facile
823 4139 876 4194 erit
899 4139 1040 4210 explicare
1059 4139 1131 4194 Vell.
1151 4141 1190 4208 II,
1211 4148 1241 4208 7,
1265 4159 1327 4196 cum

100 4227 191 4282 verba
208 4231 324 4286 moines
344 4271 349 4282 .
366 4271 372 4284 .
389 4271 416 4284 ..
441 4232 510 4286 4144
527 4229 668 4286 Romanos
691 4232 729 4285 nd
752 4230 910 4284 4444444414
934 4245 968 4284 en
986 4230 1140 4298 prouinciis
1161 4231 1194 4284 14
1212 4231 1329 4285 1141144

99 4323 298 4373 reuocauerunt
316 4319 371 4373 hoc
389 4318 442 4373 sibi
461 4318 562 4373 velint:
587 4318 707 4374 maiores
727 4361 732 4373 .
749 4361 755 4373 .
772 4361 778 4373 .
798 4318 874 4372 cives
893 4317 1047 4384 Romanos,
1070 4320 1103 4372 ut
1124 4318 1145 4371 ii
1164 4336 1281 4387 quorum
1299 4319 1328 4372 id

100 4407 179 4459 esset
198 4422 246 4460 eos
265 4411 423 4473 censerent,
442 4407 472 4461 in
490 4406 603 4460 Italiam
621 4409 830 4462 revocaverunt.

177 4493 304 4548 Sallustii
327 4497 381 4550 huc
400 4497 509 4565 spectat
526 4495 605 4550 locus
624 4494 683 4566 lug.
705 4503 752 4563 62,
772 4503 788 4552 8
812 4497 900 4566 191144
919 4497 1060 4566 Inpnrtbn
1077 4497 1126 4550 411
1145 4497 1328 4551 4441441411-

99 4598 153 4650 qne
172 4587 198 4636 et
216 4585 338 4652 perennia
360 4585 494 4654 spoliatus
521 4588 559 4638 eet
587 4599 647 4656 enm
670 4585 728 4653 ipae
752 4585 789 4639 ud
811 4585 1003 4654 imperandum
1024 4585 1162 4638 Tisidium
1186 4592 1328 4642 noceretur

99 4688 204 4727 senene
222 4675 308 4743 coepit
330 4675 433 4742 flectere
451 4675 575 4730 animum
592 4689 673 4728 ennm
691 4677 716 4727 n
734 4689 767 4728 en
791 4675 866 4728 mata
885 4675 1050 4729 4444144114
1068 4674 1155 4743 diana
1173 4675 1272 4730 timere.
1294 4705 1326 4715 -

156 4773 240 4826 Hans,
253 4773 282 4814 de
295 4773 468 4822 participiorum
481 4784 531 4814 usu.
1099 4769 1114 4818 3
