3300 5224
498 323 539 380 De
558 324 770 396 participiorum
788 327 885 380 natura
908 323 1024 380 verbali.
1313 325 1377 388 113

152 489 227 554 dem
251 487 422 572 Draegeri,
453 489 508 572 qui
531 489 616 554 hunc
639 511 732 552 usum
757 488 928 573 diligenter
952 489 1124 552 observare
1148 489 1299 572 debebat,
1326 491 1378 554 vix

150 598 218 672 est,
242 595 326 678 quod
347 596 543 659 mentionem
567 595 732 659 faciamus,
769 598 914 658 attamen
936 595 1009 676 has,
1034 617 1114 678 quas
1138 596 1263 678 priores
1286 617 1377 680 repu-

149 701 282 764 diarunt
300 701 542 765 coniunctiones
565 702 620 765 ille
640 702 777 786 scriptor
796 700 940 765 admisit:
967 701 1041 764 iam
1063 701 1227 785 iamque,
1251 723 1378 786 quam·

149 810 223 892 vis,
239 809 367 892 etiam,
381 812 522 892 tamen,
536 809 710 891 necdum,
725 809 814 886 etsi,
834 829 879 871 ne
893 844 929 852 -
943 807 1108 892 quidem,
1122 808 1209 892 iam,
1224 809 1379 892 quippe,

149 916 312 998 demum,
333 915 541 980 etiamtum.
579 914 762 998 Sallustius,
782 937 801 978 a
819 915 909 978 cuius
928 915 1055 998 scriptis
1074 914 1161 978 huuc
1179 937 1271 978 usum
1290 935 1386 998 pror-·

151 1043 209 1086 sus
230 1021 375 1086 'alienum
399 1043 468 1085 esse
492 1021 616 1104 dicunt,
639 1021 768 1104 saepius
788 1020 868 1084 haec
886 1021 1045 1084 vocabula
1064 1020 1225 1086 adhibuit:
1249 1021 1380 1104 sicuti,

149 1128 289 1211 veluti,
312 1128 435 1212 quasi,
459 1131 649 1212 tanquam.
689 1127 773 1209 apud
792 1125 952 1192 Velleium
973 1127 1108 1211 denique
1126 1149 1185 1191 usu
1209 1131 1379 1192 venerunt:

149 1235 288 1312 veluti,
311 1234 433 1316 velut,
456 1237 512 1316 ut,
536 1234 663 1298 etiam.

241 1340 350 1424 Atque
378 1341 537 1424 exempla,
571 1361 652 1422 quae
684 1339 789 1423 primo
824 1341 895 1404 loco
924 1341 1275 1424 commemorabuntur,
1307 1341 1379 1404 ideo

149 1448 288 1514 minoris
311 1448 468 1512 momenti
491 1449 581 1528 sunt,
604 1445 680 1529 quia
704 1446 869 1529 adverbia,
892 1445 1083 1529 quibuscum
1108 1448 1280 1532 partieipia
1302 1469 1377 1512 con-

149 1556 266 1620 iuncta
290 1556 379 1635 sunt,
409 1575 476 1618 non
500 1553 541 1617 ad
563 1537 735 1636 participia
759 1553 828 1617 sola
856 1554 1006 1637 usurpari
1033 1558 1171 1636 possunt
1198 1555 1378 1619 accuratius

148 1659 347 1741 definienda,
374 1659 602 1724 verumetiam
625 1659 665 1724 ad
685 1661 889 1726 substantiva
911 1659 998 1724 haud
1017 1681 1090 1725 raro
1110 1662 1275 1725 accedunt.
1315 1660 1379 1724 hue

149 1772 261 1834 autem
284 1765 448 1849 pertinent
470 1787 536 1830 non
559 1765 655 1829 modo
674 1765 839 1848 adverbia,
863 1788 944 1850 quae
969 1767 1194 1852 gradationem
1217 1765 1378 1853 quandam

146 1873 352 1958 exprimunt,
380 1870 435 1935 sed
459 1871 557 1935 etiam
580 1871 745 1956 adverbia,
773 1873 889 1956 quibus
914 1873 1087 1949 indicatur,
1117 1897 1180 1960 quo
1203 1879 1299 1960 pacto
1324 1877 1379 1940 ali-

150 1981 232 2065 quid
252 1977 352 2054 fiat.¹l
390 1978 492 2042 multo
517 1998 592 2043 vero
617 1979 721 2063 magis
741 2001 779 2042 ea
798 1977 949 2043 adverbia
967 1985 1031 2042 vim
1060 1979 1151 2043 illam
1180 2003 1263 2064 quae
1281 1983 1380 2064 parti-

148 2087 246 2170 cipiis
270 2085 356 2150 haud
379 2084 475 2148 dubie
497 2084 582 2150 inest
610 2084 775 2150 verbalem
803 2104 880 2168 prae
904 2106 938 2149 se
965 2084 1089 2166 ferunt,
1117 2107 1211 2171 quae,
1235 2086 1268 2150 id
1292 2087 1377 2170 quod

149 2217 192 2258 ex
211 2195 283 2277 ipso
307 2190 439 2256 nomine
463 2194 610 2274 apparet,
639 2211 704 2254 non
733 2191 797 2254 nisi
825 2213 898 2254 cum
921 2191 1028 2254 verbis
1052 2197 1190 2274 possunt
1218 2193 1379 2278 coniungi.

150 2300 252 2366 tertio
281 2299 417 2381 denique
446 2297 517 2362 loco
545 2297 818 2362 enumerabuntur
845 2297 921 2379 loci,
954 2297 1009 2360 ubi
1038 2299 1283 2364 coniunctIcnes
1310 2301 1379 2363 iun-

150 2409 275 2491 guntur
298 2426 371 2490 eum
395 2403 587 2486 participiis,
610 2405 701 2468 cuius
725 2403 852 2489 generis
872 2402 1044 2466 audaciora
1068 2425 1106 2468 ea
1129 2407 1276 2490 exempla
1296 2408 1382 2494 sunt,

150 2514 189 2576 iu
218 2512 335 2596 quibus
363 2513 455 2594 patet
482 2509 686 2593 participium
714 2511 749 2574 in
776 2511 883 2574 locum
913 2509 1071 2574 enuntiati
1101 2511 1281 2576 secundarii
1309 2533 1382 2576 esse

151 2619 377 2682 substitutum.

243 2741 403 2824 Exempla
426 2744 534 2805 autem
559 2741 747 2825 collegimus
770 2740 865 2805 haee:

747 2899 788 2965 A.

316 2997 344 3054 1.
366 2999 420 3054 Ex
443 2996 574 3054 Tacito:

245 3096 329 3159 Anu.
358 3095 418 3178 XI,
445 3093 488 3160 25
526 3093 659 3158 nimium
692 3099 903 3160 assentantem.
954 3095 1029 3180 XII,
1059 3095 1100 3160 14
1135 3097 1273 3162 acedula
1305 3099 1383 3162 sciis
1427 3133 1430 3139 ι
1468 3102 1471 3108 ’

154 3207 244 3266 area
263 3203 403 3266 ereata.
440 3201 519 3286 XII,
538 3200 580 3264 65
601 3222 716 3282 porum
738 3202 873 3266 coercitis
896 3252 902 3266 .
923 3253 929 3268 .
950 3253 956 3266 .
977 3253 983 3266 .
1007 3203 1189 3285 numinibus.
1227 3203 1318 3288 XIII,
1337 3204 1380 3268 43

156 3313 307 3389 tuaquom
337 3311 415 3373 suits
446 3309 564 3390 expleta
599 3307 721 3372 ultione.
771 3306 864 3390 XIII,
888 3307 931 3372 50
963 3309 1094 3374 mutirem
1127 3309 1235 3394 prius.
1255 3309 1383 3374 lauricio

155 3414 369 3496 nequitatiae
397 3416 506 3479 ocimi.
556 3413 671 3496 XV,8
704 3415 782 3478 sciis
808 3415 945 3496 firmatis
975 3413 1190 3480 bituncculis.
1242 3414 1314 3499 XV,
1342 3416 1378 3479 ΙΙ

155 3521 238 3584 uticii
266 3523 384 3585 mutate
416 3521 550 3586 consilio,
596 3520 670 3586 hist.
694 3519 739 3604 Il,
763 3521 805 3584 86
838 3521 1051 3586 consularibus
1080 3521 1185 3604 tepetis
1212 3520 1293 3586 uitii
1321 3527 1383 3586 iur-

155 3627 309 3690 baalitae.

316 3776 361 3836 IL
383 3779 438 3832 Ex
461 3777 637 3836 Sallustio:

248 3871 319 3938 aar„
342 3873 400 3959 59,
426 3876 442 3937 1
462 3876 631 3956 paululum
654 3881 864 3940 commoretur.
1329 3969 1333 3978 ¹

248 3979 342 4062 Apud
366 3979 527 4046 Velleium
551 3982 646 4046 huius
670 3983 796 4066 generis
821 3981 966 4065 exempla
988 4004 1052 4048 non
1077 3983 1259 4048 inveninus.

262 4267 265 4272 ·
318 4255 344 4312 1.
366 4256 420 4311 Ex
442 4254 572 4313 Tacito:
723 4159 766 4226 Β.
809 4235 816 4246 ’

250 4353 333 4416 Anu.
357 4352 420 4436 III,
444 4354 485 4418 69
513 4375 552 4418 ue
574 4360 721 4420 verterem
743 4355 901 4437 'supienter
922 4359 1042 4436 reperta
1064 4359 1093 4418 et
1118 4377 1234 4438 seuquer
1255 4340 1385 4438 placito.

157 4459 223 4542 lIl,
249 4460 290 4523 72
317 4461 440 4540 saepius
462 4461 614 4542 depuleris.
660 4459 717 4544 IV,
741 4461 761 4524 6
789 4461 879 4524 semei
905 4463 1087 4543 assumpti..
1111 4459 1167 4546 IV,
1191 4463 1210 4526 9
1239 4465 1282 4527 uri
1302 4485 1384 4528 conc

159 4585 374 4594 ..-ψ--ψ--ι-

233 4655 258 4720 1)
278 4651 337 4706 Hac
357 4651 391 4706 de
410 4668 440 4705 re
460 4640 494 4709 cl'.
515 4652 633 4722 Clemm,
653 4653 728 4708 Curt.
748 4653 826 4708 Stud.
847 4652 925 4720 VIII,
945 4660 986 4709 57.

212 4751 294 4800 Heus,
309 4751 336 4790 de
351 4750 522 4798 participiorum
537 4763 587 4792 usu.
1155 4749 1172 4796 8
