3330 5228
256 379 277 442 2
756 381 973 438 Praemittenda.

259 545 417 608 momenti
441 545 483 609 sit
506 548 539 607 et
562 543 694 610 Tacitus
724 547 882 630 singulari
906 547 1011 611 studio
1039 569 1227 631 summaque
1251 549 1412 632 elegantia
1435 549 1483 612 illi

257 651 329 714 usui
352 650 523 716 excolendo
546 651 740 735 incubuerit,
763 653 911 735 pluribus
936 653 1041 717 verbis
1066 654 1198 718 mininie
1220 676 1300 740 opus
1319 659 1368 718 est
1387 677 1482 738 expo·

256 779 348 842 nere,
366 762 522 844 quantum
542 759 692 844 atilitatis
708 782 746 822 ex
766 761 921 843 peculiari
936 761 1208 826 commentatione
1228 762 1351 846 sperari
1361 762 1483 845 possit,

256 885 320 947 qua
339 866 502 947 omnibus,
528 886 609 947 quae
628 865 690 929 hac
713 866 747 929 in
766 867 934 949 provincia
958 867 1061 931 adhuc
1081 867 1182 931 allata
1204 871 1295 951 sunt,
1319 867 1481 931 examina·

255 971 298 1034 tis
318 975 350 1035 et
368 971 535 1056 perpensis
554 975 624 1036 tota
643 973 793 1036 materies
814 995 910 1057 quam
925 974 1166 1038 accuratissime
1183 973 1481 1058 comprehendatur.

255 1076 316 1140 hac
340 1078 425 1142 enim
449 1078 575 1142 ratione
598 1079 726 1143 firmum
750 1079 884 1144 iacietur
902 1080 1161 1165 fundamentum,
1181 1103 1245 1165 quo
1268 1081 1304 1164 ii,
1328 1081 1383 1163 qui
1407 1102 1481 1164 eun-

256 1184 329 1247 dem
352 1206 446 1248 usum
470 1186 554 1269 apud
583 1186 663 1250 alios
688 1187 860 1271 scriptores
884 1188 1043 1271 persecuti
1072 1191 1158 1271 sunt,
1186 1209 1272 1253 nova
1296 1190 1391 1271 atque
1416 1209 1480 1252 cer·

255 1290 342 1354 tiora
365 1291 509 1356 invenire
533 1293 669 1382 possint.

344 1395 413 1461 Nec
441 1402 551 1462 tamen
579 1421 639 1465 nos
669 1400 703 1464 in
732 1400 827 1464 unius
855 1399 960 1465 Taciti
988 1401 1118 1485 scriptis
1145 1400 1353 1465 versabimur.
1396 1421 1480 1464 com·

256 1503 459 1587 parationem
501 1506 588 1570 enim
620 1528 693 1570 cum
735 1530 795 1572 usu
838 1509 990 1592 loquendi
1027 1507 1225 1572 Sallustiano
1264 1507 1363 1571 talem
1401 1527 1479 1590 esse,

260 1633 341 1695 qnae
366 1611 511 1675 omnium
534 1612 627 1678 laude
651 1618 684 1678 et
708 1615 942 1699 approbatione
966 1615 1159 1698 dignissima
1182 1615 1236 1692 sit,
1266 1613 1403 1696 probare
1428 1614 1480 1676 vix

257 1739 338 1801 opus
362 1723 425 1800 est,
449 1719 524 1802 quia
548 1722 677 1782 constat
699 1721 849 1784 intimam
872 1721 1033 1784 rationem
1055 1721 1140 1784 inter
1163 1720 1312 1784 Tacitum
1336 1724 1369 1784 et
1391 1721 1482 1784 illam

253 1825 505 1905 florentessimum
534 1830 688 1892 auctorem
719 1846 824 1890 reram
851 1826 1068 1891 Roraaaarcm
1102 1824 1190 1913 (ann.
1215 1826 1276 1908 III,
1296 1825 1354 1913 30)
1385 1827 1482 1890 inter-

254 1931 375 1998 cedere.
413 1936 572 2016 quatenus
596 1954 634 1996 ea
658 1934 840 1997 communio
870 1933 911 1996 ad
938 1933 1035 1998 istam
1060 1933 1209 2017 syntaxis
1237 1936 1363 2016 partem
1386 1933 1483 2016 perti·

253 2041 339 2122 neat,
359 2060 525 2122 speramus
544 2039 612 2103 fore
632 2042 668 2102 ut
683 2038 951 2103 demonstremus.
978 2061 1082 2124 neque
1101 2039 1262 2105 Velleium
1276 2039 1481 2106 Paterculum

253 2149 406 2229 putamus
425 2145 596 2210 infeliciter
615 2145 752 2209 electum
771 2167 854 2228 esse,
873 2145 928 2230 qui
947 2167 1020 2209 cum
1040 2144 1153 2210 Tacito
1174 2147 1368 2228 conferatur,
1389 2168 1480 2231 prae·

253 2252 364 2316 sertim
402 2273 475 2316 cum
512 2252 685 2316 nemodum
718 2252 927 2336 quaesiverit,
961 2252 1066 2336 qualis
1101 2251 1242 2317 Velleius
1274 2257 1480 2336 comparatus

253 2379 326 2422 cum
350 2358 462 2423 Tacito
486 2363 710 2444 cognoscatur.
750 2360 858 2442 plures
887 2363 996 2423 autem
1024 2359 1197 2443 scriptores
1226 2361 1275 2424 vel
1306 2359 1480 2424 historicos

252 2465 304 2530 vel
326 2465 537 2550 philosophos
561 2502 604 2514 -
628 2466 701 2550 quis
725 2466 811 2530 enim
829 2487 894 2530 non
919 2466 1111 2550 cogitaverit
1134 2466 1172 2530 de
1192 2462 1346 2531 Suetonio
1371 2467 1422 2530 vel
1440 2465 1479 2530 de

253 2568 395 2636 Seneca?
422 2609 458 2618 -
490 2573 524 2637 in
552 2572 828 2656 comparationem
858 2593 972 2637 vocare
1000 2573 1180 2655 noluimuS,
1208 2594 1248 2639 ne
1277 2572 1479 2637 cumulandis

253 2679 406 2762 exemplis
440 2679 579 2764 undique
613 2677 760 2743 conflatis
796 2682 1007 2763 conspectum
1040 2677 1281 2744 consuetudinis
1313 2677 1480 2744 Tacitinae

252 2785 466 2852 turbaremus,

341 2891 455 2977 Itaque
471 2892 623 2976 quoniam
640 2892 839 2956 versabimur
859 2893 893 2956 in
912 2892 1017 2957 tribus
1037 2891 1247 2976 scriptoribus
1267 2891 1480 2977 conferendis,

253 3021 388 3083 quorum
405 2998 507 3063 libros
527 2998 775 3082 diligentissime
796 2998 993 3083 perlegimus
1014 2999 1226 3084 omnibusque
1242 3000 1395 3083 exemplis
1414 3000 1479 3066 col-

254 3105 347 3170 lectis
367 3106 575 3188 excussimus,
594 3104 830 3188 aliquantulum
852 3104 892 3168 ad
906 3105 1125 3188 cognitionem
1145 3107 1288 3190 syntaxis
1307 3105 1479 3170 historicae

252 3211 434 3296 aagendam
457 3233 518 3276 nos
542 3232 611 3275 esse
636 3211 810 3275 collaturos
830 3211 1028 3276 confidimus.
1065 3212 1150 3296 quod
1175 3233 1237 3297 quo
1261 3213 1380 3276 certius
1406 3232 1478 3295 per-

252 3318 393 3402 ficiatur,
416 3339 455 3381 ea
473 3338 599 3402 quoque
622 3317 657 3380 in
676 3338 807 3382 censum
826 3321 941 3382 vocata
960 3324 1052 3403 sunt,
1074 3341 1155 3404 quae
1177 3318 1215 3382 de
1235 3319 1378 3384 classicis
1397 3339 1478 3402 quos

252 3425 364 3488 dieunt
387 3423 613 3508 scriptoribus,
635 3424 784 3507 inprimis
807 3424 846 3489 de
870 3423 961 3490 Livio
985 3426 1045 3490 viri
1069 3426 1154 3491 docti
1177 3426 1389 3509 protulerunt

259 3583 261 3588 .
339 3530 379 3594 In
402 3534 496 3595 tanta
515 3532 624 3594 autem
647 3531 802 3594 materiae
824 3530 1051 3615 amplitudine,
1075 3551 1138 3614 qna
1157 3530 1209 3595 via
1231 3528 1415 3613 processuri
1439 3529 1479 3592 si·

253 3659 338 3722 mus,
365 3637 431 3701 iam
452 3636 506 3700 hic
528 3637 749 3719 profiteamur:
778 3637 917 3720 primurn
946 3637 1072 3703 dicendi
1100 3660 1194 3702 usum
1218 3657 1478 3721 unumquemque

253 3743 509 3808 examinabimus
546 3764 605 3827 pro
641 3743 730 3807 varia
762 3741 848 3825 apud
881 3739 1085 3828 Sallustium,
1120 3743 1297 3826 Velleium,
1330 3742 1477 3806 Tacitum

252 3851 393 3935 ratione,
425 3849 540 3914 deinde
571 3850 675 3934 qualis
708 3850 764 3934 sit,
802 3849 829 3912 si
866 3849 1040 3913 contuleris
1074 3871 1146 3913 cum
1184 3871 1331 3915 sermone
1369 3850 1478 3914 classi-

252 3978 363 4026 corum
397 3956 604 4039 scriptorum,
636 3959 707 4020 tum
735 3956 763 4020 si
790 3954 960 4020 Liuianum
988 3955 1140 4040 loquendi
1168 3978 1262 4020 nsum
1290 3956 1479 4042 respexeris,

252 4068 415 4148 postremo
430 4065 589 4146 quantum
604 4061 798 4126 discriminis
817 4061 851 4125 in
871 4061 1043 4126 excolenda
1058 4083 1249 4146 unaquaque
1270 4062 1374 4146 specie
1394 4062 1479 4126 inter

252 4169 381 4253 singula
399 4167 503 4233 Taciti
523 4168 644 4252 scripta
662 4172 828 4254 appareat.
864 4189 967 4252 neque
991 4190 1067 4233 vero
1089 4170 1292 4254 propositum
1316 4192 1385 4234 esse
1408 4174 1478 4252 pot·

252 4284 315 4359 est,
345 4280 383 4340 ut
410 4276 531 4360 omnia,
560 4297 641 4360 quae
670 4276 708 4339 de
737 4275 916 4360 participiis
948 4275 982 4338 in
1005 4275 1163 4340 librorum
1193 4275 1478 4361 grammaticorum

252 4383 369 4447 crassis
388 4383 603 4447 voluminibus
625 4384 770 4466 exposita
789 4385 875 4464 sunt,
892 4381 945 4445 hic
964 4382 1080 4446 iterum
1099 4385 1350 4465 pertractentur,
1369 4381 1478 4464 immo,

251 4509 292 4552 ne
316 4510 384 4552 rem
409 4493 514 4553 actam
539 4510 634 4574 agere
654 4491 835 4571 videamur,
859 4511 897 4551 ea
920 4489 1146 4554 tantummodo
1169 4488 1265 4552 huius
1289 4486 1351 4550 loci
1374 4491 1478 4570 erunt,

252 4616 333 4679 qnae
357 4599 415 4659 aut
436 4596 517 4660 false
537 4601 592 4660 aut
612 4597 744 4660 omnino
767 4617 834 4660 non
852 4597 994 4658 tractata
1017 4598 1108 4676 sunt,
1132 4596 1191 4676 ita,
1214 4595 1325 4678 utqui
1348 4599 1479 4658 exstant

252 4701 328 4766 libri
352 4703 555 4787 grammatici
579 4724 645 4766 non
669 4701 899 4786 supervacanei
922 4700 1016 4784 fiant,
1045 4701 1100 4764 sed
1124 4701 1343 4784 suppleantur.
