3340 5218
278 329 321 392 82
812 327 903 397 Caput
921 327 968 382 IV.

278 497 370 558 sunt:
397 492 586 557 lubricum
615 492 797 555 itinerum
825 529 861 536 —
888 491 1093 555 obscurum
1121 489 1263 572 noctis,
1291 489 1366 554 hist.
1389 488 1420 567 Ι,
1451 488 1541 570 79;·

277 599 319 684 ΙΙ,
338 600 368 664 4.
410 619 554 664 seorsum
573 598 762 663 tractandus
786 601 836 661 cst
858 597 961 680 locus,
985 597 1040 680 qui
1063 596 1228 660 invenitur
1250 595 1324 660 Tac.
1343 614 1419 660 ann.
1435 594 1513 678 XV,

279 708 320 772 21,
350 712 385 772 at
409 727 492 771 auno
519 707 646 771 ootirnus
674 709 812 770 smarnos
838 709 868 768 ot
893 705 1060 770 adulamur
1087 709 1116 767 et
1140 704 1288 784 quornoolo
1314 703 1358 768 art
1387 703 1512 766 audura

278 814 412 878 alieuius
440 819 544 896 oratos
573 813 621 876 ita
654 813 827 895 promptius
864 811 1017 876 munatio
1049 812 1228 876 decernitur.
1268 811 1449 874 memoratur
1483 814 1514 872 ot

278 925 405 985 maneat
426 919 669 1003 mooiuomtibus
690 920 863 1001 pountiarn
892 939 983 982 suurn
1013 917 1071 982 tali
1100 919 1188 982 rnorto
1218 918 1398 982 ostentandi.
1440 937 1511 980 non

279 1028 362 1092 enirn
405 1028 509 1111 primo
549 1026 702 1109 adspectu
742 1024 910 1109 intelleges
946 1025 1125 1089 subiectum
1162 1023 1249 1088 verbi
1283 1028 1439 1088 maneat
1469 1045 1512 1086 ex

280 1131 517 1218 (accusatio)
542 1133 773 1197 decernatur
797 1131 1027 1196 assumendum
1050 1153 1129 1197 esse.
1273 1123 1275 1128 ’

368 1239 438 1304 Iam
463 1239 753 1304 considerabuntur
776 1239 935 1322 exempla,
958 1239 992 1302 in
1017 1238 1132 1324 quibus

280 1435 325 1489 11.
363 1432 525 1490 Genetivus
544 1431 685 1500 gerundi!
704 1434 735 1488 ct
752 1431 913 1499 gerundivi
932 1445 1022 1488 sensu
1046 1431 1132 1486 finali
1151 1431 1269 1500 positus
1288 1444 1354 1486 esse
1373 1430 1510 1487 videtur.

371 1560 417 1627 Ut
435 1562 517 1625 bene
536 1561 754 1645 intellegatur,
774 1560 935 1643 quomodo
955 1560 1067 1643 lingua
1087 1581 1106 1622 a
1123 1559 1373 1644 simplicioribus
1392 1559 1512 1625 formis

282 1667 322 1732 ad
347 1666 533 1732 audaciores
556 1667 713 1751 paulatim
736 1665 904 1730 transierit
928 1664 1139 1730 secernendae
1161 1667 1223 1730 hae
1247 1671 1322 1731 sunt
1345 1667 1483 1750 species:

428 1899 466 1963 Α.
503 1896 676 1963 donativis
698 1897 748 1962 itu
771 1914 841 1962 cum
863 1896 987 1962 nominc
1010 1913 1067 1962 suo
1086 1897 1275 1963 coniunctus
1298 1898 1357 1983 cst,

282 2044 319 2104 ut
341 2040 375 2103 in
403 2061 501 2105 unam
532 2063 604 2105 curn
632 2041 688 2105 illo
716 2041 884 2105 notionem
911 2041 1089 2124 coalescat,
1117 2063 1313 2126 quamquam
1339 2041 1422 2105 nihil
1451 2041 1513 2104 im·

282 2147 385 2230 pedit,
416 2149 589 2232 quominus
622 2147 772 2232 genetivo
805 2148 1056 2231 praedicativam
1089 2147 1154 2211 vim
1186 2149 1367 2213 tribuamus
1403 2151 1436 2212 et
1469 2149 1513 2212 ad

283 2255 416 2318 verbum
439 2255 549 2338 potius
572 2252 757 2318 referamus.
794 2255 881 2319 velut
904 2252 980 2320 Sall.
1003 2253 1078 2320 hist.
1102 2252 1256 2332 1,48,=3
1282 2255 1333 2320 M.
1354 2254 1515 2318 Aemilius

282 2362 422 2426 omniurn
444 2362 668 2444 fiaadiosorurn
684 2365 857 2442 postrornus
879 2362 933 2442 qui
948 2362 1038 2444 peior
1060 2380 1104 2424 an
1125 2361 1267 2441 ananau
1284 2362 1327 2425 sit
1348 2362 1515 2426 deliberari

282 2487 345 2531 uon
363 2473 462 2549 potest
483 2469 647 2532 oumoiturn
669 2468 885 2549 rauranum
908 2467 1057 2532 libertatis
1083 2466 1179 2531 babet.
1221 2467 1309 2532 aliud
1333 2471 1383 2533 est
1406 2489 1528 2538 exem:

283 2574 383 2656 plum,
407 2574 492 2658 quod
514 2574 746 2640 Hoffmannum
769 2573 863 2658 fugit,
887 2595 1081 2657 quamquam
1104 2573 1139 2636 in
1158 2572 1268 2638 cadem
1288 2575 1435 2639 oratione
1460 2572 1513 2660 (6)

285 2682 496 2744 exstatt'ourn
512 2683 641 2763 arran
663 2701 756 2745 arura
778 2682 1001 2762 opprimundae
1024 2680 1173 2744 libertatis
1196 2682 1319 2762 auara
1341 2679 1514 2766 (Lepidus)

284 2786 345 2849 sibi
366 2787 492 2868 quisquo
514 2808 582 2870 opos
610 2792 666 2852 aut
680 2789 861 2870 patrocinia
883 2788 1054 2870 quuraao
1084 2788 1246 2852 consitium
1263 2787 1423 2868 rnrbliourn
1445 2808 1514 2850 eor-

285 2899 441 2974 ruporunt.
483 2893 556 2959 Tac.
582 2917 655 2959 ann.
678 2893 755 2977 XII,
778 2895 822 2959 24
849 2896 960 2975 asaro
988 2895 1093 2959 boario
1116 2894 1301 2960 ...suras
1328 2895 1515 2976 danynondi

286 3001 392 3081 oppidi
413 3005 539 3083 coeptus.
576 3001 671 3087 plura
694 3003 842 3088 exempla
865 3001 933 3086 ipso
956 3001 1050 3066 facile
1073 3001 1219 3068 invenias
1242 3003 1262 3082 ἕ
1289 3002 1339 3065 11.

472 3229 508 3296 Β.
549 3229 587 3296 In
609 3230 761 3312 genetivo
784 3229 959 3312 gerundivi
980 3247 1076 3296 scnsu
1098 3229 1320 3313 pracdicativo

287 3372 434 3456 praedito
458 3373 640 3438 continetur
659 3372 830 3457 explicatio
855 3373 896 3437 ad
915 3373 1094 3439 subiectum
1119 3376 1269 3456 spectans
1289 3373 1441 3437 adiuncta
1459 3395 1512 3438 co-

287 3480 364 3562 pula
387 3501 480 3545 csse.

376 3585 482 3651 Huius
505 3607 582 3651 usus
606 3593 714 3670 pauca
726 3588 951 3652 tantummodo
971 3589 1146 3671 suppetunt
1164 3588 1320 3671 exempla.
1350 3586 1424 3651 Tac.
1439 3607 1513 3651 ann.

287 3691 313 3776 Ι,
337 3692 357 3756 3
381 3693 505 3757 utendae
527 3694 627 3776 mauis
649 3693 802 3774 infamiae
824 3695 860 3757 ot
882 3695 1033 3758 animum
1055 3713 1125 3757 curn
1148 3693 1299 3774 Quintilio
1324 3694 1406 3759 Varo
1429 3713 1511 3758 eaer-

288 3799 489 3881 utinquam
503 3801 645 3882 cupidius
657 3800 837 3880 proferendi
854 3801 985 3883 irnperii.
1013 3798 1069 3884 XI,
1084 3800 1104 3864 3
1123 3799 1194 3864 dein
1206 3801 1365 3883 pmcursis
1378 3799 1514 3865 Asiatici

287 3905 323 3967 in
354 3925 421 3969 rorn
436 3905 605 3987 'publicam
637 3905 750 3986 officiis
780 3907 948 3989 recentique
980 3907 1126 3972 adrasus
1157 3907 1366 3972 Britanniam
1397 3909 1514 3974 militia

288 4029 423 4093 quoquc
445 4011 511 4076 atio
534 4012 744 4076 omoitianrtoe
765 4013 992 4079 misniamdiao
1015 4011 1204 4078 utebantur.
1246 4011 1322 4077 Sall.
1346 4011 1415 4078 car
1439 4015 1469 4097 6,
1493 4015 1512 4079 i

287 4119 406 4196 reoiunr
427 4119 592 4200 iurpcrinrn
615 4117 698 4200 quod
717 4119 809 4183 initio
832 4121 1056 4186 consonantior
1079 4120 1228 4184 trbatutis
1245 4123 1335 4202 atquo
1357 4123 1516 4204 diruendae

288 4224 471 4306 rubublicao
496 4225 608 4305 fuerat.
650 4225 679 4289 b.
703 4226 794 4290 Alex.
817 4227 874 4311 65,
900 4229 916 4291 1
946 4229 1028 4310 quod
1053 4275 1114 4292 ...
1141 4227 1241 4291 aura
1270 4233 1376 4293 contra
1399 4249 1515 4292 marom

289 4331 591 4411 consuetudiuuuque
627 4332 795 4397 militarem
829 4333 938 4414 timont
972 4353 1050 4414 quac
1085 4333 1294 4397 dissoluendae
1333 4333 1516 4416 disciplinae

288 4437 514 4519 severitatisque
535 4443 638 4502 essent.
681 4461 762 4522 quae
791 4441 969 4523 sequuntur
997 4439 1144 4523 exempla
1171 4438 1256 4523 apud
1280 4437 1515 4504 Hoffmannum

290 4543 419 4608 desunt:
453 4542 530 4608 Sall.
552 4542 621 4630 lug.
645 4545 703 4627 88,
725 4544 747 4606 4
769 4565 848 4626 qnae
863 4548 1030 4626 postquam
1053 4545 1190 4628 ylariosa
1217 4547 1306 4610 modo
1328 4565 1424 4628 noqroe
1445 4545 1517 4611 belli

283 4652 437 4732 patrandi
459 4655 638 4732 ooyuouorot
659 4652 776 4715 statuit.
808 4651 883 4715 hist.
907 4651 932 4735 Ι,
955 4652 1008 4735 41,
1031 4651 1051 4715 8
1075 4651 1128 4716 illo
1148 4671 1182 4716 oo
1199 4654 1356 4738 prooessit,
1377 4657 1414 4718 ut
1433 4653 1517 4720 nilril
