3330 5228
680 1102 819 1198 Caput
846 1101 873 1176 I.

466 1267 512 1338 lle
540 1267 790 1353 significatione
818 1267 1086 1363 participiorum.

736 1460 756 1538 ἓ
782 1461 809 1522 1.

585 1589 765 1648 Generalis
787 1591 966 1660 quaedam.

252 1738 388 1806 Consilii
412 1741 516 1805 nostri
545 1740 580 1805 in
603 1743 769 1826 prooemio
793 1739 944 1826 expositi,
972 1739 1147 1805 secundum
1170 1739 1256 1824 quod
1279 1741 1389 1805 omnia

163 1868 184 1910 a
202 1848 475 1913 commentatione
501 1852 615 1913 nostra
638 1849 743 1913 aliena
763 1852 840 1913 suut
863 1871 943 1933 quae
964 1848 1153 1932 vulgaribus
1172 1847 1263 1912 libris
1283 1867 1388 1931 gram-

165 1953 292 2018 maticis
315 1956 394 2020 satis
415 1976 573 2040 superque
592 1959 787 2040 tractantur,
811 1957 918 2039 ipsum
936 1955 1031 2020 huius
1055 1954 1130 2019 libri
1153 1954 1282 2019 initium
1300 1953 1388 2018 testi-

163 2054 285 2124 monio¹
301 2083 370 2125 esse
403 2063 561 2127 uolumus.
607 2085 683 2127 nam
718 2067 843 2128 tantum
879 2063 985 2146 abest,
1018 2065 1055 2126 ut
1087 2083 1294 2145 quaeeunque
1327 2061 1388 2124 viri

163 2165 250 2230 docti
274 2165 312 2230 de
336 2167 531 2232 formatione
554 2167 800 2252 participiorum
830 2169 865 2230 in
893 2168 1036 2232 diversas
1065 2171 1175 2251 partes
1204 2167 1388 2250 disputave-

163 2276 240 2336 runt
262 2277 458 2357 repetamus,
487 2275 624 2359 utquid
652 2275 716 2359 ipsi
744 2274 782 2338 de
805 2273 999 2339 formatione
1022 2277 1055 2338 et
1083 2275 1121 2338 de
1150 2273 1387 2359 significatione

163 2380 238 2444 inde
264 2380 452 2464 explicanda
475 2380 650 2445 iudicemus
675 2368 772 2464 quam
795 2380 984 2444 brevissime
1007 2381 1196 2446 indicemus.

249 2484 460 2570 Partieipium
491 2509 563 2552 cum
598 2509 664 2552 uon
694 2487 800 2550 minus
833 2491 929 2571 atque
958 2487 1137 2552 infinitivus
1167 2507 1286 2551 nomen
1319 2507 1387 2551 ver-

163 2592 235 2657 bale
269 2594 325 2676 sit,
358 2593 606 2678 significationis
640 2614 758 2678 magua
798 2594 974 2659 similitudo
1007 2594 1093 2659 inter
1120 2597 1289 2676 utramque
1318 2614 1387 2657 ora-

163 2699 264 2763 tionis
287 2702 414 2782 partem
438 2699 616 2764 intercedat
638 2721 769 2764 necesse
793 2703 851 2764 est.
896 2699 957 2764 hoo
980 2702 1090 2764 tamen
1114 2698 1308 2764 discriminis
1332 2721 1387 2783 ap-

163 2808 268 2889 paret,
295 2808 332 2869 ut
359 2804 411 2868 hic
438 2805 571 2888 propius
600 2805 641 2870 ad
669 2828 789 2870 nomen
812 2806 898 2890 quod
921 2809 1056 2870 vocatur
1084 2805 1222 2871 actionis
1246 2806 1387 2890 accedat,

163 2910 242 2976 illud
266 2912 306 2975 ad
330 2910 539 2995 adiectivum,
563 2934 660 2996 quam
684 2914 725 2978 ob
750 2933 817 2977 rem
841 2912 936 2976 multi
960 2915 1049 2995 sunt,
1074 2912 1127 2996 qui
1152 2911 1310 2996 siquidem
1333 2935 1387 2976 ex-

162 3018 310 3099 ponenda
332 3020 382 3082 est
404 3017 495 3082 notio
518 3018 695 3103 participii,
720 3018 808 3083 verbi
832 3018 993 3102 quandam
1018 3041 1087 3083 esse
1111 3018 1221 3083 dicant
1244 3017 1386 3083 formam

163 3123 312 3187 adiectivi
348 3125 452 3188 instar
489 3128 685 3208 usurpatam.
741 3124 803 3189 hac
834 3146 874 3189 ex
910 3124 1032 3208 duplici
1068 3125 1233 3208 participii
1269 3128 1386 3190 natura

164 3231 261 3294 etiam
290 3230 369 3295 illud
402 3250 592 3314 cognoscas,
624 3252 681 3295 cur
713 3230 997 3297 commentationis
1036 3235 1167 3296 nostrae
1198 3235 1307 3316 partes
1339 3232 1386 3296 ita

163 3335 338 3420 dispositae
377 3337 455 3421 sint,
491 3340 527 3401 ut
559 3337 623 3401 duo
655 3337 831 3422 peculiaria
865 3338 973 3421 capita
1005 3337 1258 3422 distinguantur,
1290 3342 1386 3422 prout

164 3443 272 3526 agitur
296 3443 335 3508 de
358 3444 391 3507 vi
416 3443 586 3526 nominali,
610 3449 666 3508 aut
689 3444 727 3509 de
752 3445 883 3509 verbali.

253 3549 298 3614 At
320 3571 420 3614 unum
445 3549 602 3634 estquod
626 3551 806 3614 accuratius
826 3550 1049 3633 explicandum
1068 3571 1137 3614 esse
1161 3550 1296 3616 videtur.
1328 3572 1385 3614 no·

164 3657 251 3720 mine
278 3657 364 3721 enim
392 3655 556 3740 participii
582 3657 683 3721 multo
712 3657 805 3740 plura
833 3655 1147 3741 comprehendimus,
1179 3679 1275 3741 qnam
1304 3679 1386 3741 quae

163 3761 225 3825 hac
248 3784 325 3828 voce
349 3763 446 3846 uulgo
470 3761 618 3848 intellegi
641 3764 754 3827 solent.
791 3785 868 3827 narn
892 3764 1084 3848 gerundium
1109 3786 1235 3849 quoque
1258 3765 1386 3849 partiei-

163 3868 251 3950 pium
279 3872 341 3948 est,
372 3869 458 3954 quod
486 3869 645 3934 formatur
669 3891 707 3932 ex
731 3869 848 3933 suffixo
871 3870 991 3954 duplici
1014 3873 1137 3951 ooo-do,
1160 3871 1272 3950 eoo-do,
1295 3871 1385 3936 cuius

162 3975 327 4060 primitiva
349 3975 453 4040 forma
476 3979 546 4039 erat
567 3974 716 4056 -aoo-do.¹)

206 4159 214 4169 ,
251 4081 390 4146 Etiamsi
407 4105 474 4148 non
493 4085 635 4146 exstaret
653 4079 857 4166 gerundium,
880 4082 937 4147 illa
960 4082 1075 4146 suffixa
1093 4081 1228 4147 Latinae
1251 4083 1384 4167 linguae

162 4209 232 4251 csse
259 4188 353 4253 facile
380 4188 596 4253 demonstrari
624 4193 749 4271 posset,
780 4212 857 4254 nam
886 4189 968 4253 aliae
997 4195 1072 4253 sunt
1100 4189 1239 4274 formae,
1268 4190 1384 4273 quibus

163 4294 382 4378 continentur,
407 4296 490 4359 siout
512 4296 684 4372 oar-oodo,
708 4297 914 4379 rotundo-s,
936 4295 1187 4360 ruiti-camdus.

235 4507 260 4574 1)
279 4504 333 4560 Cur
352 4505 481 4559 suffixum
500 4505 580 4572 ooo-ju
598 4522 658 4560 esse
676 4523 733 4559 non
750 4504 853 4575 possit,
872 4505 989 4560 Coreeen
1009 4503 1152 4575 (Beitri'age
1171 4522 1219 4558 aur
1234 4504 1385 4560 Italischen

160 4592 363 4662 Spracukunde
381 4612 407 4663 p.
423 4597 486 4663 589)
505 4595 603 4648 contra
616 4593 742 4648 Curtium
757 4594 804 4662 qui
822 4611 896 4648 nnnc
916 4597 1011 4664 (etym.
1027 4594 1077 4650 el.⁶
1094 4613 1121 4664 p.
1137 4596 1202 4663 664)
1221 4593 1247 4648 ei
1266 4594 1385 4649 assenti-

161 4684 207 4736 tur
225 4681 436 4737 demonstravit.

1137 4779 1150 4825 1
1158 4770 1172 4802 *³
