3330 5228
511 349 552 402 De
570 347 714 418 participii
731 348 833 402 natura
850 346 993 402 nominali.
1315 347 1358 411 25

138 518 273 601 habent,
298 514 465 601 quodque
489 514 557 577 iure
575 513 710 577 fecerint
733 534 864 596 prorsus
887 533 954 576 non
974 511 1182 597 intellegitur.
1219 511 1362 577 confera-

138 647 209 688 mus
228 624 302 688 Tac.
321 623 399 708 Agr.
422 623 460 686 11
484 623 519 686 ie
540 621 717 686 aoioeesaoo
738 620 917 684 aestimanti
935 617 1044 684 Gallos
1065 620 1200 684 oieioaoi
1222 619 1361 684 insolam

138 751 296 814 occupasse
318 730 457 795 credibile
479 733 530 811 est,
575 727 661 792 haud
689 727 785 791 dubie
807 726 892 792 ratio
916 726 1143 811 grammatica,
1171 747 1252 810 quac
1275 726 1359 791 inter

139 838 282 903 dativum
304 837 537 903 aestimantibus
559 839 592 901 et
615 838 738 900 ceteras
761 833 922 898 enuntiati
944 836 1053 917 partes
1077 833 1259 916 intercedit,
1282 833 1361 899 haec

141 948 203 1010 est:
240 967 321 1031 quae
353 945 458 1011 verbis
491 942 601 1008 Gallos
629 943 764 1006 eicioooi
795 941 933 1006 iosataoo
960 960 1120 1022 occupasse
1150 940 1291 1006 credibile
1320 946 1366 1006 est

140 1053 358 1135 continentur,
381 1053 448 1116 eius
471 1053 599 1115 tantum
620 1049 738 1114 iudicio
758 1071 834 1113 vera
853 1051 886 1112 et
907 1047 1088 1131 probabilia
1108 1069 1177 1112 esse
1201 1048 1362 1132 dicuntur,

140 1159 284 1243 quirem
308 1159 342 1222 in
364 1158 549 1224 universum
573 1157 730 1222 aestimat.
766 1156 877 1238 itaque
898 1177 971 1218 cum
994 1153 1112 1218 idioma
1134 1153 1221 1218 istud
1245 1175 1283 1218 ex
1307 1175 1361 1239 ge·

138 1265 238 1330 nuina
271 1266 370 1331 dativi
401 1266 533 1331 notione
566 1264 686 1349 optime
714 1261 867 1346 explicari
897 1261 1003 1345 possit
1030 1281 1134 1345 neque
1163 1260 1204 1323 ab
1236 1261 1362 1346 vulgari

140 1371 240 1437 dativi
268 1395 329 1437 usu
352 1371 538 1438 ullomodo
567 1370 706 1452 differat,
733 1369 878 1452 profecto
901 1391 969 1433 non
992 1370 1054 1452 est,
1081 1388 1138 1431 cur
1165 1389 1224 1450 pro
1253 1366 1362 1432 dativo

141 1479 289 1544 absoluto
308 1477 470 1563 habeas.¹)
509 1479 543 1542 in
562 1476 785 1544 Germanicam
804 1480 911 1540 autem
930 1475 1076 1560 linguam
1095 1473 1175 1539 talia
1194 1474 1364 1558 participia

139 1607 205 1650 non
237 1586 374 1651 absurde
406 1590 513 1650 vertas
546 1607 603 1670 per
634 1583 831 1649 locutionem
863 1605 947 1648 vom
984 1581 1255 1665 standpunkte
1288 1604 1364 1646 aus.

140 1693 222 1756 sicut
244 1692 318 1758 Tac.
337 1693 445 1778 Agric.
468 1694 522 1758 11:
545 1694 580 1758 io
602 1693 780 1756 universam
802 1689 981 1754 aestimanti
1004 1711 1055 1772 qu.
1075 1709 1099 1753 s.
1123 1708 1207 1751 vom
1231 1689 1363 1752 stand-

139 1800 284 1883 punkte
300 1801 364 1865 des
383 1800 481 1864 nach
500 1797 759 1885 allgemeInen
778 1796 1130 1883 gesichtspunkten
1148 1795 1362 1860 urtheilen-

140 1904 210 1969 den
232 1906 287 1970 ist
309 1929 348 1971 es
372 1907 575 1993 glaublich
598 1905 685 1970 dass
710 1927 766 1988 qu.
791 1925 814 1968 a.
906 1937 909 1942 ·

228 2011 277 2076 Ac
311 2013 444 2078 Tacitus
476 2014 605 2097 quidem
637 2012 721 2075 inter
752 2033 820 2095 eos,
857 2009 912 2093 qui
943 2009 1029 2073 hunc
1061 2032 1156 2073 usum
1189 2010 1364 2090 excoluere,

141 2119 355 2204 principalem
383 2120 489 2186 locum
513 2120 653 2203 obtinet,
681 2119 798 2203 quippe
827 2116 978 2201 quicum
1002 2138 1113 2181 omnes
1138 2115 1363 2182 antecedentes

141 2226 315 2309 scriptores
337 2227 399 2291 hoc
418 2227 528 2293 dativo
547 2249 614 2292 non
632 2225 696 2290 nisi
715 2225 756 2289 ad
774 2224 917 2288 rationes
937 2224 1014 2288 loci
1034 2223 1293 2287 determinandas
1313 2223 1364 2288 usi

141 2331 207 2396 sint
234 2330 390 2417 (exceptis
419 2333 504 2399 Livii
530 2334 610 2400 locis
633 2333 677 2418 X,
700 2333 757 2415 303
786 2329 910 2412 XXVI,
933 2331 991 2413 243
1015 2328 1187 2412 XXXVII,
1211 2327 1269 2413 58)
1298 2330 1362 2413 pri·

140 2462 211 2504 mus
239 2440 300 2504 hos
327 2441 407 2505 fines
437 2463 584 2527 egressus
608 2439 848 2524 elegantissime
877 2435 1088 2520 amplificarit.
1134 2434 1307 2502 Sallustius
1331 2441 1364 2502 et
1419 2515 1423 2522 Ι

140 2545 283 2612 Velleius
306 2552 455 2612 neutram
480 2549 619 2633 speciem
642 2546 849 2612 admiserunt.

228 2652 420 2736 Priusquam
435 2654 474 2718 ad
485 2663 633 2733 genetivi
646 2676 739 2718 casus
755 2646 905 2736 syntaxim
919 2651 1205 2736 transgrediamur,
1220 2654 1286 2715 tres
1300 2650 1364 2715 loci

140 2758 341 2844 proponendi
361 2764 451 2844 sunt,
475 2761 532 2826 ubi
551 2762 677 2826 dativus
696 2761 731 2825 in
751 2759 857 2824 locum
876 2758 1012 2823 ablativi
1030 2780 1102 2822 cum
1120 2758 1361 2842 praepositione

141 2866 185 2930 ab
214 2866 378 2931 coniuncti
401 2867 595 2933 substitutus
620 2870 682 2949 est,
712 2887 806 2950 quem
836 2887 930 2929 usum
958 2850 1001 2928 ex¹
1025 2863 1171 2949 legitima
1200 2866 1363 2928 structura

141 2974 305 3057 participii
327 2974 387 3038 fut.
410 2997 494 3058 pass.
522 2996 595 3038 cum
618 2973 729 3039 dativo
756 2993 912 3057 personae
935 2971 1099 3036 coniuncti
1123 2967 1218 3056 (mihi
1241 2971 1364 3055 aliquid

140 3080 367 3164 perficiendum
390 3078 453 3166 est)
481 3082 611 3146 initium
637 3081 760 3165 cepisse
787 3078 961 3145 verisimile
990 3081 1047 3143 est.
1094 3078 1242 3163 exempla
1271 3080 1362 3143 sunt:

140 3186 214 3251 Tac.
232 3187 308 3252 hist.
327 3187 357 3272 I,
378 3189 431 3252 14:
454 3210 491 3254 ee
513 3189 723 3255 aestimatione
740 3191 822 3252 reeta
843 3206 963 3251 severas
980 3186 1111 3250 deterim
1133 3186 1360 3266 interpretanti·

142 3294 197 3359 bas
220 3295 337 3360 tristior
359 3295 533 3361 bobebotar.
569 3294 632 3379 III,
652 3295 707 3360 65:
733 3295 831 3359 bottas
850 3293 958 3375 procot
979 3293 1145 3358 oiseatibes
1166 3292 1362 3356 comburetur.

141 3399 180 3484 V,
196 3402 230 3465 7:
249 3403 400 3467 modiciae
418 3404 453 3469 id
470 3403 544 3468 titas
561 3408 590 3467 et
612 3401 796 3485 epereotibas
818 3395 1075 3482 inamaricat)
1112 3398 1211 3462 etiam
1230 3397 1271 3461 ad
1290 3398 1365 3461 sub-

143 3535 354 3554 -ῳ--ι-ῄ

218 3633 242 3699 1)
262 3631 379 3686 Dativus
397 3631 422 3686 is
436 3634 491 3700 est,
510 3648 593 3700 quem
611 3648 662 3685 nos
679 3648 812 3686 vocamus
827 3628 938 3682 dativus
953 3627 1002 3681 des
1020 3628 1183 3694 interesses,
1202 3625 1280 3680 cuius
1298 3643 1364 3680 usus

145 3719 268 3788 speciem
287 3719 401 3774 exhibet
419 3719 530 3774 dativus
550 3719 689 3775 commodi
707 3720 753 3775 vel
770 3717 947 3773 incommodi.
989 3783 993 3792 .

214 3807 304 3873 Quam
324 3806 409 3861 dubia
422 3807 476 3863 fide
491 3809 616 3878 Draeger
633 3811 705 3864 hanc
724 3826 783 3863 rem
799 3807 938 3873 tractarit,
957 3823 990 3860 ex
1009 3805 1099 3859 forma
1117 3804 1364 3875 reputantibus

141 3894 216 3963 (hist.
237 3896 275 3964 Il,
295 3899 339 3966 50)
359 3897 477 3968 efficias,
498 3916 582 3967 quam
601 3897 663 3952 Stil.
683 3897 746 3952 Tac.
767 3895 868 3962 §212b
886 3894 1042 3949 ablativum
1061 3895 1233 3964 absolutum,
1252 3896 1283 3948 at
1300 3899 1315 3960 ξ
1330 3899 1364 3948 bo

140 3983 269 4038 dativum
287 3985 448 4040 absolutum
466 4003 525 4042 esse
544 3988 636 4043 docet.
1276 3973 1282 3984 ⁶

214 4076 240 4142 2)
259 4073 361 4128 Procul
381 4074 465 4129 dubio
486 4074 728 4128 inexhaustum
751 4073 903 4144 significat,
929 4072 1005 4142 quod
1023 4071 1164 4126 exhauriri
1187 4089 1243 4126 non
1261 4072 1364 4141 potest.

142 4179 200 4229 qua
218 4161 364 4216 occasione
384 4162 419 4215 de
438 4161 473 4216 iis
491 4162 648 4233 participiis
667 4162 785 4231 perfecti
802 4161 909 4231 passivi
927 4177 1018 4230 pauca
1036 4161 1181 4227 addamus,
1200 4176 1281 4228 quae,
1301 4178 1364 4214 eum

142 4251 272 4319 deposita
290 4251 436 4319 praeteriti
453 4252 589 4321 temporis
609 4249 812 4321 significatione
835 4249 876 4304 rei
895 4249 1012 4304 alicuius
1031 4251 1136 4304 statum
1154 4251 1366 4318 permanentem

143 4339 301 4409 designent,
320 4340 350 4394 in
367 4339 511 4395 notionem
530 4340 732 4395 adiectivorum
750 4339 780 4393 in
798 4341 856 4393 -ilis
876 4337 1062 4392 desinentium
1080 4339 1257 4394 transierunt.
1281 4340 1366 4406 atque

141 4427 225 4481 huius
243 4446 309 4481 usus
328 4444 441 4482 causam
459 4429 540 4498 patet
556 4429 679 4499 positam
699 4445 758 4484 esse
777 4427 807 4482 in
822 4417 921 4498 exipuo
940 4444 1055 4482 numero
1070 4427 1286 4496 adiectivorum,
1305 4428 1366 4495 qui-

140 4517 192 4570 bus
211 4517 352 4571 indicatur
369 4534 429 4571 rem
443 4517 566 4586 aliquam
581 4517 654 4573 effici
672 4534 766 4587 posse,
786 4534 903 4586 quorum
921 4515 1134 4585 ascriptoribus
1149 4515 1366 4571 christianorum

142 4622 214 4672 quae
233 4607 370 4660 vocantur
388 4608 563 4662 saeculorum
586 4624 718 4677 magnam
736 4606 945 4661 multitudinem
967 4606 1145 4674 procreatam
1163 4621 1223 4659 esse
1247 4608 1365 4662 constat.

140 4695 233 4764 prima
256 4695 339 4751 huius
364 4713 428 4750 usus
452 4695 643 4765 amplificandi
671 4695 753 4750 initia
775 4695 832 4750 iam
854 4693 930 4762 apud
953 4693 1091 4746 Velleium
1117 4692 1298 4748 inveniuntur
1321 4693 1365 4763 (cf.
