3300 5224
523 259 564 312 De
583 258 793 328 participiorum
811 261 911 314 natura
930 259 1043 314 verbuli¹
1335 257 1397 322 123

169 425 243 505 fam
260 423 418 487 Faenium
438 422 620 486 imminuere
638 421 833 504 Aprippinae
851 423 1023 486 amicitiam
1046 423 1081 486 in
1099 443 1132 486 eo
1155 423 1400 486 criminantibus,

172 529 246 614 XV,
261 530 302 594 51
327 530 452 594 interim
470 527 683 592 minitantibus
695 529 983 610 prolatantibusque
1008 549 1090 609 spem
1108 549 1144 592 ac
1162 533 1285 594 metum.
1328 527 1402 612 XII,

171 636 218 701 40
241 637 295 702 illo
318 640 445 717 aupente
463 635 580 698 andita.
623 633 714 718 XIII,
728 635 770 698 49
793 636 946 699 rationem
960 635 1151 716 poscentibus
1169 637 1287 700 ornias.
1324 635 1400 700 hist.

171 742 200 825 l,
226 743 270 805 44
293 742 432 806 certatim
455 741 674 806 ostentantibus
697 747 838 806 auentas
860 761 972 806 manus
994 743 1049 823 qui
1070 743 1250 808 occiduunt.
1291 741 1339 824 ΙΙ,
1358 740 1401 804 25

171 853 259 931 leupo
281 847 462 911 untentibus
491 846 673 912 Vitellianis.
715 847 760 931 ΙΙ,
783 849 825 912 48
844 853 984 929 paene
1002 849 1155 930 proelium
1178 850 1318 914 eaercitu.
1359 847 1401 931 ΙΙ,

171 954 217 1019 85
241 955 384 1020 laceratis
405 953 526 1018 oeaillis
547 975 657 1020 nomen
682 954 797 1019 Vitellii
814 955 1087 1035 praetereuntibus.
1129 953 1193 1039 ΙΙΙ,
1212 955 1252 1018 21
1277 956 1312 1020 id
1332 975 1402 1019 4444

171 1081 263 1144 aepre
286 1062 432 1126 tolerante
454 1060 560 1125 milite.
601 1060 664 1145 III,
684 1061 727 1125 56
750 1081 822 1124 4444
844 1061 980 1126 dicturis.
1021 1061 1086 1144 III,
1106 1061 1148 1125 58
1172 1063 1265 1147 etiam
1289 1061 1402 1124 liberti-

169 1170 224 1233 nis
242 1169 324 1232 idern
342 1187 456 1232 mrrnus
473 1168 555 1232 ultro
573 1168 794 1250 (incitantibus.
813 1219 815 1222 .
835 1166 898 1252 ΙΙΙ,
913 1167 957 1232 80
980 1173 1164 1250 aspernante
1185 1167 1283 1232 milite
1301 1168 1401 1232 eondi-

169 1276 274 1340 ciones
298 1275 393 1356 pacis.
439 1273 496 1357 IV,
522 1275 561 1338 13
594 1275 756 1357 flapitante
785 1273 970 1356 simplicium
1002 1276 1067 1340 eius
1095 1275 1233 1339 meatu.
1283 1273 1340 1356 IV,
1359 1273 1402 1337 25

168 1383 256 1446 enim
278 1400 424 1445 consensu
450 1382 556 1445 dulcem
584 1380 730 1446 Voculam
751 1379 946 1461 poscentibus
968 1379 1103 1444 Flaccus
1126 1401 1280 1444 summam
1307 1381 1352 1444 rei
1374 1380 1403 1443 ei

162 1487 321 1571 pennisit.
363 1485 420 1570 IV,
439 1487 480 1550 27
505 1489 597 1552 mnes
619 1488 746 1552 eaitium
769 1487 986 1551 minitantibus
1008 1489 1171 1551 exterritus
1193 1487 1306 1552 obiecit.
1342 1484 1400 1570 IV,

169 1593 217 1659 35
245 1595 357 1678 duplea
383 1593 455 1658 linc
482 1594 589 1658 seditio
620 1593 694 1658 aliis
721 1592 930 1661 reuocantibus
958 1592 1105 1657 Voculam
1134 1593 1208 1658 aliis
1239 1594 1339 1658 redire
1366 1593 1401 1655 in

168 1705 277 1766 eastra
303 1700 512 1765 abnuentibus.
562 1699 619 1781 IV,
642 1698 684 1762 37
718 1698 758 1762 iis
789 1699 843 1778 qui
874 1718 889 1760 4
920 1697 1129 1778 superioribus
1160 1703 1250 1762 aaut
1274 1719 1401 1764 causam

168 1827 264 1873 suam
286 1806 527 1872 dissonantibus.
563 1803 620 1889 IV,
640 1805 682 1869 38
706 1825 755 1869 res
777 1824 872 1868 nouas
894 1805 1034 1869 moliente
1057 1805 1095 1868 Ε.
1118 1804 1239 1870 Pisone.
1280 1803 1338 1888 IV,
1358 1804 1399 1868 69

169 1915 248 1978 aliis
276 1914 400 1994 foedera
426 1913 609 1995 quibusdam
640 1931 709 1992 opes
742 1913 878 1992 viraque
905 1915 962 1974 aut
988 1916 1164 1976 vetustatem
1191 1913 1321 1994 oripinis
1345 1932 1414 2001 per·

170 2022 279 2104 turpia
296 2020 489 2084 taumatibus.
526 2018 566 2101 V,
580 2020 602 2083 4
614 2019 777 2100 principia
794 2019 952 2101 relipionis
970 2019 1158 2084 tradentibus
1176 2018 1290 2084 Idaeis.
1318 2018 1343 2102 Ι,
1359 2018 1401 2083 66

169 2130 245 2210 ipsa
266 2128 412 2192 itinerum
429 2125 533 2207 spatia
550 2131 578 2190 et
599 2127 781 2190 stativorum
800 2126 968 2189 mutatione
985 2126 1175 2189 cendidamle
1197 2125 1278 2189 oluoe.
1316 2123 1339 2205 Ι,
1356 2126 1399 2189 82

172 2235 330 2300 licentiam
352 2235 388 2298 in
406 2253 510 2298 omnes
525 2232 727 2314 poscentibus.
769 2231 847 2316 Agr.
868 2234 885 2296 l
910 2233 1017 2296 iuuene
1034 2233 1200 2296 admodum
1218 2231 1401 2298 Domitiano

171 2347 203 2408 et
350 2341 505 2405 licentiam
532 2345 709 2421 usurpante.
754 2339 837 2404 Vell.
861 2339 951 2422 ΙΙ,2
983 2339 1123 2405 omnibns
1155 2343 1270 2403 statum
1297 2358 1401 2402 conou-

166 2448 365 2532 pisomtibns.
401 2445 447 2530 ΙΙ,
471 2446 492 2510 5
518 2447 703 2528 facientibus
726 2447 866 2511 manibus
888 2448 924 2510 iu
940 2447 1101 2528 procinctu
1129 2449 1316 2510 testamenta.
1358 2444 1402 2527 ΙΙ,

174 2557 220 2620 64
246 2555 431 2635 relinquente
458 2574 527 2618 eum
549 2555 690 2618 sancitu.
745 2549 876 2616 Sallust.
900 2549 994 2616 Catil.
1019 2553 1077 2636 41,
1100 2552 1121 2616 3
1151 2551 1224 2616 baec
1250 2551 1314 2616 illis
1340 2545 1419 2615 ool-¹

42 2703 47 2716 ·
175 2661 314 2727 ouilibus
337 2661 460 2725 tandem
482 2661 556 2724 oioit
575 2660 704 2739 fortuna
725 2661 772 2724 rei
788 2659 939 2741 publicae.

265 2765 406 2851 Cognitu
431 2766 533 2831 multo
559 2766 721 2850 digniores
751 2766 775 2830 ii
801 2765 866 2830 loci
895 2769 984 2849 sunt,
1013 2765 1068 2829 ubi
1088 2787 1160 2829 oum
1180 2765 1323 2829 ablativo
1344 2764 1399 2827 ab·

176 2875 283 2938 soluto
301 2872 437 2956 perfecti
455 2874 610 2957 temporis
629 2872 801 2937 verborum
816 2871 1044 2955 deponentium
1061 2872 1261 2936 aecusativus
1283 2871 1401 2934 obiecti

174 2980 330 3065 iungitur.
370 2980 436 3044 ium
461 3002 557 3064 supra
580 2980 664 3044 enim
690 2978 829 3042 diximus
853 2975 1042 3042 Ciceronem
1061 2977 1233 3043 Caesarem
1257 2978 1402 3061 aliosque

175 3109 307 3172 prorsus
327 3087 487 3170 respuisse
506 3087 590 3151 hene
613 3086 785 3151 licentiam.
823 3086 910 3149 velut
933 3084 1007 3150 Tae.
1026 3107 1099 3149 ann.
1118 3084 1213 3168 XIII,
1231 3084 1274 3149 43
1297 3085 1401 3166 lilium

59 3237 68 3252 .
176 3196 242 3258 eius
265 3193 466 3258 Nerullinum
492 3196 641 3276 oppressis
664 3192 900 3258 clamatoribus.
938 3191 1016 3274 XII,
1040 3192 1082 3256 32
1111 3213 1174 3256 nou
1196 3193 1283 3256 44444
1305 3192 1403 3256 aciem

175 3301 320 3366 hostibus.
355 3298 416 3384 VI,
439 3300 477 3363 ll
501 3302 620 3382 copiam
637 3301 786 3364 uendendi
803 3303 904 3364 scema
926 3299 1050 3363 uilitate.
1087 3297 1147 3380 XI,
1166 3298 1209 3361 25
1232 3299 1401 3362 orationem

172 3407 340 3490 minapiis
361 3411 459 3472 sema
475 3413 605 3489 patrum
624 3406 767 3471 consulto.
808 3405 854 3490 ΙΙ,
875 3407 914 3469 11
940 3411 1128 3487 transprosso
1146 3404 1242 3486 Alpes
1261 3402 1402 3469 cuano.

176 3514 217 3599 ΙΙ,
231 3513 275 3580 45
294 3535 357 3578 444
375 3515 462 3578 ausis
475 3513 601 3578 ducibus
614 3514 718 3578 eadem
732 3513 780 3576 die
794 3512 1050 3594 oppnpnationem
1064 3515 1243 3575 castrorum.
1271 3509 1402 3576 Sallust.

176 3622 245 3706 Ing.
271 3621 349 3704 103,
374 3620 391 3682 7
420 3618 512 3689 Sulla
535 3620 640 3684 omnia
656 3619 803 3702 pollicito.

231 3849 268 3940 b)
297 3851 351 3915 De
375 3850 548 3915 ablativo
573 3851 756 3915 absoluto
780 3850 974 3934 dependet
997 3850 1241 3914 aecusativus
1265 3871 1347 3913 eum

320 3957 524 4021 infinitivo
548 3957 613 4040 qui
637 3956 779 4021 dieitur
803 3962 868 4020 aut
891 3958 997 4022 solus
1020 3956 1259 4020 infinitivus

268 4115 341 4181 Tac.
369 4116 445 4181 hist.
473 4117 518 4200 ΙΙ,
542 4116 585 4181 54
617 4116 804 4181 crerlentibas
838 4114 1022 4180 Othonianis
1054 4117 1204 4181 militibus
1235 4137 1308 4179 4444
1341 4136 1403 4180 esse

178 4245 257 4306 quae
280 4223 495 4302 offerebantur.
532 4222 589 4306 IV,
607 4225 628 4288 3
651 4224 744 4288 etiam
766 4223 874 4286 mediis
891 4227 1021 4304 patrum
1045 4223 1253 4287 annitentibus
1275 4225 1403 4287 retinere

179 4351 303 4395 morem.
343 4328 401 4412 IV,
423 4330 466 4394 34
494 4329 610 4394 credita
630 4351 689 4412 per
716 4333 878 4409 utrumqm
905 4329 1067 4392 sancitum
1092 4328 1182 4407 sama
1208 4329 1403 4394 uulneratum
1430 4345 1438 4360 ·

180 4442 235 4501 aut
256 4437 457 4516 interfectum.
1000 4445 1004 4456 '⁴
