3340 5218
251 323 313 388 136
723 323 871 394 Appendix
890 323 995 378 critica.

249 487 411 570 quomodo
432 486 472 551 ad
495 487 657 571 integrum
677 486 804 550 restitui
827 487 932 570 possit
951 486 1145 550 difficillima
1168 486 1317 570 quaestio
1336 487 1398 568 est,
1422 485 1478 548 sed

248 595 460 660 nihilominus
482 594 648 658 videamus
655 644 663 677 ,
687 593 820 678 quidex
844 593 971 657 criticae
992 594 1070 657 artis
1094 592 1274 658 rationibus
1293 591 1478 676 periclitan-

252 701 329 764 dum
348 701 399 765 sit.
428 723 466 766 ac
485 723 578 766 voces
598 701 792 764 relatione
811 701 845 764 in
864 701 1095 766 relationem
1114 704 1148 766 et
1166 699 1425 765 reverentiam
1443 699 1479 762 in

248 807 547 872 irreverentiam
575 806 819 872 commutandas
847 829 917 871 esse
947 808 1035 872 omni
1064 811 1152 872 earet
1175 806 1391 890 dubitatione,
1421 804 1477 870 sed

142 995 154 1010 .
249 913 373 1003 utinam
399 913 630 999 subsequentia
651 914 751 978 verba
773 935 841 979 non
864 914 970 978 minus
990 917 1076 979 recte
1099 913 1268 978 emendare
1290 912 1469 996 possimus!

341 1022 389 1086 Ao
412 1021 600 1105 priusquam
626 1021 690 1085 hoc
714 1043 878 1103 conemur,
908 1042 989 1106 quae
1013 1020 1075 1085 viri
1099 1018 1184 1084 docti
1208 1020 1246 1083 de
1270 1020 1341 1084 loco
1365 1020 1477 1082 nostro

248 1129 455 1213 protulerint,
487 1128 704 1212 quaerendum
738 1132 795 1193 est.
845 1149 907 1211 quo
939 1126 973 1191 in
1004 1148 1121 1212 genere
1157 1127 1244 1191 ultra
1273 1124 1479 1192 Doederleini

250 1237 389 1298 aetatem
416 1233 542 1318 regredi
576 1256 657 1318 opus
684 1257 751 1298 non
775 1254 845 1298 esse
875 1233 1014 1316 videtur,
1045 1233 1130 1317 quod
1159 1234 1312 1318 quiante
1338 1230 1480 1295 Doeder-

255 1340 334 1404 leini
367 1344 514 1424 tempora
547 1339 660 1404 Tacito
675 1381 677 1384 -
693 1339 935 1424 interpretando
964 1361 1096 1422 operam
1123 1343 1331 1423 navaverunt,
1368 1359 1479 1402 eorum

252 1447 433 1511 sententiae
462 1452 519 1511 aut
547 1469 566 1512 a
593 1449 696 1512 nostri
724 1448 879 1532 temporis
913 1447 990 1511 viris
1019 1446 1122 1511 doctis
1151 1450 1299 1530 receptae
1328 1448 1385 1510 aut
1411 1448 1478 1508 tam

251 1575 420 1637 perversae
443 1557 534 1638 sunt,
557 1558 594 1618 ut
618 1575 698 1639 quae
724 1553 903 1618 accuratius
923 1553 1146 1617 examinentur
1169 1575 1236 1616 non
1260 1554 1326 1618 sint
1353 1551 1480 1636 dignae.

251 1681 287 1724 ac
311 1659 505 1724 Doederlein
533 1661 602 1744 ipse
632 1660 828 1743 suspicatur:
861 1663 906 1723 ut
933 1659 1008 1722 iam
1036 1681 1156 1744 aeque
1185 1682 1271 1724 oum
1298 1657 1480 1744 patronis

250 1767 333 1830 iure
367 1771 541 1851 agerent,
579 1788 625 1830 ne
658 1767 894 1833 sententiam
926 1787 1054 1831 eorum
1087 1767 1368 1832 consultarent.
1416 1788 1480 1850 quo

249 1873 331 1938 vitio
361 1873 440 1938 haec
464 1875 601 1958 mutatio
631 1875 758 1940 laboret
786 1875 879 1939 facile
904 1872 1018 1938 estad
1045 1873 1309 1958 intellegendum.
1346 1873 1479 1937 minime

251 1979 430 2045 obiciemus
454 1979 556 2045 Doed.
581 1981 761 2067 audaciam,
785 1981 871 2066 quod
891 1985 965 2044 ante
988 2001 1056 2046 voe.
1078 1981 1314 2045 sententiam
1338 1981 1478 2064 partiou—

250 2087 315 2150 lam
339 2109 385 2151 ne
414 2087 478 2172 legi
502 2088 586 2170 vult,
615 2089 732 2172 quippe
756 2111 837 2175 quae
865 2109 924 2172 pro
952 2088 1091 2152 nedum
1120 2088 1206 2152 diota
1229 2086 1305 2152 Sall.
1330 2085 1399 2152 Cat.
1426 2088 1482 2170 ll,

250 2193 318 2259 Liv.
337 2193 402 2277 ΙΙΙ,
420 2194 477 2278 523
500 2191 576 2277 XL,
595 2195 638 2262 25
662 2198 694 2260 et
718 2196 803 2280 apud
827 2195 975 2259 Tacitum
999 2194 1105 2278 ipsum
1129 2231 1173 2242 -
1196 2217 1391 2279 quamquam
1414 2215 1480 2258 uno

203 2349 204 2354 η
250 2301 477 2366 tantummodo
500 2301 570 2366 looo
595 2323 669 2366 ann.
691 2301 752 2386 XI,
775 2303 819 2367 30
846 2339 882 2348 -
913 2301 1097 2366 inveniatur
1119 2306 1152 2366 et
1181 2301 1306 2366 librarii
1329 2300 1409 2365 vitio
1436 2299 1482 2364 fa-

250 2407 310 2470 cile
339 2407 413 2470 sede
442 2429 501 2471 sua
531 2409 654 2474 moveri
683 2409 833 2493 potuerit.
881 2407 936 2472 sed
964 2408 997 2471 id
1026 2411 1252 2492 argumentum
1281 2407 1481 2491 proferamus

251 2517 363 2577 eontra
380 2511 640 2598 Doederleinum,
658 2519 695 2580 ut
713 2519 895 2580 statuamus
910 2516 945 2578 in
963 2514 1021 2580 illo
1041 2515 1220 2599 enuntiato,
1238 2513 1324 2599 quod
1339 2535 1377 2578 ex
1396 2535 1481 2578 com-

252 2619 399 2703 pluribus
423 2621 572 2703 partibus
596 2622 814 2704 compositum
838 2622 895 2704 sit,
924 2621 1033 2686 deesse
1061 2622 1285 2706 gradationem
1310 2619 1482 2704 quandam,

254 2747 336 2810 quae
365 2727 546 2792 necessaria
574 2728 730 2794 videatur.
779 2751 855 2794 nam
885 2729 912 2793 si
939 2728 1083 2812 legentes
1112 2727 1352 2813 pervenerimus
1380 2748 1481 2810 usque

252 2832 292 2896 ad
312 2855 443 2898 eorum
465 2835 754 2919 consultarent,
774 2859 790 2899 e
808 2832 958 2900 Doederl.
977 2834 1115 2899 lectione
1135 2833 1365 2918 subsequentia
1383 2833 1482 2898 verba

252 2961 294 3004 ao
316 2940 548 3006 verberibus
572 2964 629 3026 qu
653 2965 730 3027 squ.
759 2946 826 3007 tarn
849 2942 954 3006 ieiune
978 2940 1176 3024 dictasunt,
1202 2943 1240 3005 ut
1262 2939 1415 3005 iudicium
1438 2940 1480 3004 le-

252 3047 359 3130 gentis
383 3050 416 3111 et
439 3048 637 3130 exspectatio
662 3051 817 3133 tanquam
840 3049 982 3113 fallatur.

341 3153 452 3218 Etiam
481 3153 514 3216 in
537 3151 789 3240 Bezzenbergeri
817 3159 850 3219 et
873 3153 995 3220 Sirkeri
1022 3154 1201 3218 mutatione
1228 3190 1262 3200 —-
1296 3157 1337 3218 ut
1367 3153 1482 3237 plane

252 3282 371 3345 aequo
391 3282 473 3324 oum
496 3261 676 3343 patronis
700 3262 782 3326 iure
806 3261 1221 3346 agerent-sententiam
1240 3282 1369 3326 eorum
1393 3282 1481 3326 oon-

253 3368 458 3432 culcarent
481 3362 663 3452 (Bezzenb.)
694 3405 732 3414 —
763 3371 804 3432 ut
831 3367 906 3432 ianr
934 3389 1054 3451 aequo
1082 3390 1165 3433 oum
1192 3367 1372 3450 patronis
1401 3367 1482 3432 iure

253 3478 414 3560 agerent
442 3473 691 3538 clementiam
720 3497 850 3541 eorum
879 3475 1153 3540 conculcarent
1180 3495 1226 3537 ne
1250 3474 1482 3539 verberibus

252 3603 308 3665 qu.
344 3603 421 3666 squ.
456 3576 592 3666 (Sirker)
637 3580 861 3647 offendendum
899 3583 949 3646 est
982 3583 1116 3664 propter
1150 3584 1343 3666 argumenta
1376 3581 1410 3644 in
1446 3602 1481 3644 re

251 3686 324 3769 ipsa
354 3685 470 3769 posita.
516 3709 593 3751 nam
623 3687 771 3771 libertos,
803 3687 831 3752 si
860 3709 971 3751 revera
1001 3709 1103 3771 aequo
1134 3707 1207 3752 oum
1235 3687 1381 3770 patronis
1412 3686 1481 3750 iure

254 3795 398 3878 egerunt,
422 3796 517 3857 antea
537 3794 730 3858 sententiam
749 3793 801 3858 vel
821 3793 1025 3857 clementiam
1044 3796 1254 3876 patronorum
1275 3793 1482 3858 conculcasse

253 3899 368 3963 debere
391 3921 447 3983 per
471 3921 505 3963 se
528 3900 727 3984 intellegitur
753 3936 791 3945 -
818 3911 909 3984 ergo,
940 3899 1093 3984 qnoniam
1116 3901 1296 3984 posteriore
1320 3899 1480 3964 enuntiati

252 4009 344 4090 parte
373 4003 593 4090 (clementiam
616 4026 727 4070 eorum
752 4002 990 4089 conculcarent)
1018 4005 1140 4090 aliquid
1164 4005 1368 4089 exprimitur,
1396 4005 1482 4090 quod

253 4114 318 4177 iam
341 4112 448 4195 priore
473 4111 672 4196 continetur,
700 4113 834 4178 crimine
861 4111 1062 4196 tautologiae
1085 4111 1252 4176 cuiusdam
1277 4111 1480 4176 enuntiatum

252 4242 320 4284 non
343 4220 438 4284 caret.
463 4253 504 4264 —-
528 4217 618 4282 Idem
640 4218 719 4284 vitio
742 4218 934 4284 v'ertendnm
957 4221 1008 4282 est
1025 4216 1205 4303 Draegero,
1229 4219 1318 4283 cuius
1343 4221 1478 4300 annota-

252 4325 356 4389 tione:
392 4345 437 4387 ne
466 4347 585 4409 aequo
614 4325 768 4408 quidem
795 4326 879 4391 iure
906 4324 990 4390 dh.
1023 4323 1077 4390 sie
1107 4324 1236 4388 lassen
1265 4325 1348 4389 sich
1371 4323 1484 4388 nicht

253 4431 392 4496 einmal
422 4430 489 4494 anf
513 4431 625 4496 einen
657 4431 931 4518 regelrechten
953 4451 1110 4514 process
1143 4430 1213 4494 mit
1240 4429 1324 4494 dom
1352 4433 1482 4514 patro·

254 4560 322 4601 nus
346 4536 419 4619 ein,
444 4537 610 4602 sondern
628 4536 774 4602 drohen
797 4537 874 4602 ihm
898 4537 967 4600 mit
986 4535 1179 4621 schl‘agen.
1208 4532 1360 4622 (coniecit
1377 4536 1482 4600 enim:

255 4647 361 4707 utne
391 4664 509 4727 aequo
538 4643 689 4727 quidem
716 4664 796 4706 oum
821 4641 1001 4726 patronis
1030 4643 1112 4706 iure
1139 4645 1302 4725 agerent
1329 4646 1482 4706 senten-
