3340 5218
259 313 302 376 92
789 313 879 383 Caput
897 314 944 368 IV.

259 477 314 542 bns
336 481 426 557 alane
455 460 540 540 omni
563 477 643 542 bona
665 481 731 542 arte
760 479 796 542 in
817 479 945 542 erilinm
972 482 1050 542 aeta.
1092 477 1112 541 3
1140 479 1287 560 enemptr's
1313 481 1357 540 m
1384 477 1493 540 annis.

260 583 302 647 28
334 584 429 646 oeeiso
457 585 631 649 centurione
657 605 695 648 ae
721 585 879 649 militibus,
925 584 967 647 ib.
995 585 1113 648 abaetis
1137 584 1419 668 pannoniam.
1443 585 1491 648 39

259 695 303 753 tol
325 690 474 755 militlbns
496 692 599 756 eaesis.
645 692 688 754 43
718 692 789 755 lecto
817 696 1002 756 testamento.
1047 690 1196 756 Germ.3
1229 691 1349 756 obiectis
1380 692 1424 754 ael
1454 713 1492 756 os

257 798 357 860 sentis.
414 798 453 861 12
482 819 605 880 corpore
631 800 765 879 infames
796 820 885 864 coeno
917 804 946 862 et
965 799 1095 881 palmle'
1114 800 1226 863 iniecta
1253 800 1379 880 insnper
1405 803 1492 864 erate

258 907 405 985 merpnnt.
444 903 517 968 dial.
543 907 559 968 1
588 910 705 970 serrato
730 885 836 970 ordine
858 905 1085 987 dispntatioms.
1109 905 1164 976 ,31
1191 909 1304 986 parato
1331 905 1417 968 omni
1439 905 1490 969 in-

169 991 173 1000 ’
257 1014 424 1074 stramento
438 1015 467 1074 et
479 1012 522 1075 ael
534 1033 653 1077 omnem
666 1033 757 1077 nsnm
770 1013 909 1094 reposito.
932 1011 1010 1097 Agr.
1028 1013 1069 1076 14
1092 1012 1225 1078 sabaetis
1238 1012 1417 1076 nan'mibns
1430 1013 1490 1094 fr-

258 1117 408 1199 matisqne
420 1119 596 1198 praese'eliis.
628 1120 703 1186 hist.
721 1119 750 1203 I,
771 1120 812 1183 76
831 1120 922 1184 initio
940 1118 1129 1202 Cartbapine
1147 1123 1221 1184 orto.
1260 1117 1307 1202 ΙΙ,
1322 1118 1364 1182 63
1383 1121 1491 1200 ipsam

257 1225 404 1288 oloentem
422 1225 544 1305 qnidem
561 1226 712 1306 relictam,
735 1228 788 1292 seol
808 1227 875 1292 sola
887 1228 1079 1311 posteritatis
1101 1248 1177 1292 enra
1195 1231 1224 1290 et
1245 1226 1385 1308 abrnptis
1406 1228 1491 1292 vitae

258 1330 482 1396 blandimentis.
519 1331 565 1418 II,
589 1333 632 1398 85
658 1334 796 1398 Moesiae
817 1338 914 1398 reotor
931 1335 1101 1426 pessimam
1121 1333 1247 1415 faeinns
1269 1333 1362 1397 misso
1385 1339 1490 1398 eentn-

258 1439 345 1501 rione
367 1439 410 1502 ael
430 1440 675 1522 interficiendam
696 1441 828 1506 Tettinm
846 1440 1020 1506 Inlianam.
1062 1439 1102 1524 V,
1117 1440 1160 1504 20
1183 1441 1230 1504 ita
1251 1441 1360 1504 divisis
1382 1441 1490 1524 copiis.

417 1626 461 1684 11.
485 1629 589 1697 Apud
611 1628 800 1684 Velleium:
834 1667 837 1674 «

348 1758 396 1842 ΙΙ,
418 1759 461 1823 48
485 1762 539 1841 qni
561 1761 590 1825 si
612 1767 683 1826 ante
706 1762 862 1826 bienninm
884 1782 979 1843 qnam
1002 1759 1046 1826 ad
1065 1782 1158 1826 arma
1179 1763 1259 1826 itnm
1284 1767 1328 1826 est
1343 1762 1492 1843 perfertis

253 1867 398 1950 perfectis
415 1867 593 1932 maneribus
612 1866 724 1931 tbeatri
742 1873 771 1931 et
786 1869 923 1932 aliornm
941 1889 1066 1952 opernm
1085 1917 1092 1931 .
1111 1917 1118 1933 .
1138 1919 1145 1931 .
1164 1917 1171 1933 .
1190 1869 1368 1933 decessisset.
1404 1868 1428 1951 I,
1446 1869 1490 1932 12

257 1975 403 2038 nniversa
421 1973 529 2038 deinde
550 1974 698 2038 instincta
720 1976 756 2038 in
778 1975 889 2040 bellam
907 1973 1031 2038 Aelmia
1054 2026 1061 2039 .
1080 2024 1087 2040 .
1107 2025 1114 2038 .
1134 2025 1141 2040 .
1163 1977 1300 2040 manime
1318 1973 1490 2041 Corinthiis

259 2079 295 2144 in
317 2100 409 2144 arma
431 2101 501 2144 enm
519 2081 782 2164 pranibnsetiam
806 2084 840 2146 in
858 2071 1017 2148 Romanos
1038 2083 1229 2148 contumeliis
1251 2083 1489 2166 instapantrbns.

259 2291 290 2378 o)
319 2293 373 2358 De
396 2295 600 2380 participii
628 2296 751 2360 futuri
775 2296 909 2380 activi,
937 2295 1002 2360 fut.
1026 2317 1140 2382 pass,
1162 2296 1329 2379 perfecti
1352 2297 1488 2361 verbo·

258 2422 338 2465 rum
358 2401 490 2485 depon.
508 2404 683 2468 ablativo
703 2404 820 2468 absol.
837 2403 1003 2468 omnium
1023 2411 1203 2488 generum
1222 2402 1261 2468 ef.
1275 2425 1306 2485 p.
1322 2403 1394 2466 104
1409 2425 1489 2488 squ.

258 2577 292 2642 B.
324 2579 369 2642 De
388 2578 533 2645 ablativo
553 2571 701 2645 absoluto
720 2580 776 2662 qui
798 2580 921 2646 rationi
938 2580 1107 2664 temporali
1125 2580 1265 2647 inservii
1282 2578 1487 2658 definiendae.

459 2718 493 2807 a)
517 2720 570 2785 De
593 2723 806 2806 participio
829 2725 1051 2809 praesentis
1075 2723 1274 2808 temporis.

418 2875 444 2930 1.
467 2873 571 2944 Apud
594 2873 762 2931 Tacitumz

278 2998 281 3003 '
348 2990 432 3057 Ann.
452 2989 480 3073 I,
502 2992 518 3053 1
545 2990 661 3056 Tiberii
680 2990 801 3072 Gaione
823 2997 851 3056 et
872 2991 1000 3056 Clandir'
1023 3013 1060 3056 aa
1078 2992 1213 3057 Neronis
1236 3015 1284 3058 res
1307 2992 1487 3074 florentibus

259 3098 336 3176 ipsis
359 3097 394 3160 ob
417 3102 530 3160 melam
551 3097 652 3176 falsae
668 3103 834 3179 postqnam
857 3099 1029 3161 meiderant
1049 3099 1216 3163 recentibns
1239 3101 1319 3164 odiis
1342 3100 1487 3180 composi-

210 3235 213 3238 ,
260 3208 308 3266 tae
329 3207 411 3268 snnt.
451 3202 475 3287 I,
498 3204 541 3268 63
564 3203 742 3284 florentinis
765 3201 847 3266 Gaio
870 3208 898 3266 et
919 3204 1017 3268 loreia
1040 3202 1232 3269 Caesaribns.
1270 3204 1315 3282 II,
1339 3205 1381 3269 37
1405 3225 1486 3268 asse-

258 3315 389 3392 qnenlnr
405 3309 531 3391 florente
553 3309 712 3376 teansar
733 3330 808 3390 qnos
824 3311 942 3374 amnis
963 3310 1098 3374 leniores.
1139 3308 1180 3396 II,
1194 3312 1238 3374 42
1260 3312 1386 3392 florente
1404 3311 1487 3377 Gaio

259 3414 398 3481 Caesare.
441 3413 487 3501 ΙΙ,
510 3417 553 3482 82
575 3419 691 3482 vivente
716 3416 817 3480 nollem
840 3415 1033 3482 Germanico,
1074 3416 1165 3502 XIII,
1191 3419 1231 3481 14
1256 3418 1412 3498 ferebatnr
1439 3421 1487 3484 ele

256 3524 409 3604 prediente
430 3545 463 3586 eo
486 3573 572 3588 ....
595 3545 658 3588 non
680 3523 810 3588 absnrde
828 3523 950 3587 dinisse.
996 3521 1088 3606 XIII,
1107 3523 1149 3588 38
1175 3524 1330 3589 Tiridates
1352 3531 1489 3607 oerpente

204 3622 213 3629 ”
259 3630 325 3692 iam
343 3631 391 3693 elie
402 3631 514 3713 praenl
531 3632 658 3696 adstitit.
700 3628 824 3713 XIII,8
843 3630 1038 3712 imperitante
1057 3627 1198 3696 Olandio.
1235 3628 1341 3713 XV,6
1360 3632 1488 3698 abeunte

266 3735 412 3817 Volopese.
463 3735 535 3820 XV,
559 3737 601 3800 34
633 3741 855 3818 vesperascente
885 3737 951 3800 iam
983 3737 1039 3801 olle.
1089 3734 1166 3802 hist.
1193 3735 1225 3818 1,
1248 3736 1291 3800 80
1323 3739 1487 3820 incipiente

259 3847 352 3908 noete.
383 3841 430 3926 II,
443 3843 486 3906 49
510 3844 802 3930 vesperascentedie.
841 3841 885 3925 ΙΙ,
901 3843 943 3906 39
961 3843 1155 3924 pnr'nmpinm
1177 3845 1297 3908 interno
1319 3845 1415 3910 simnl
1437 3866 1486 3910 eor·

260 3955 402 4030 ternoqne
429 3949 503 4014 bello
525 3950 714 4032 parantibus
739 3950 825 4028 fatis.
876 3948 939 4033 ΙΙΙ,
965 3950 1004 4014 19
1035 3949 1231 4014 innmbrante
1256 3972 1385 4032 vespero.
1427 3951 1487 4034 ΙΙΙ,

261 4057 304 4121 34
332 4042 455 4121 condita
477 4062 545 4120 erat
568 4057 615 4122 Ti.
638 4054 824 4138 Semprmio'
841 4056 878 4122 P.
901 4056 1042 4122 Cornelio
1070 4057 1244 4122 eonsnlibns
1270 4058 1430 4139 inprnmte
1452 4060 1486 4123 in

260 4162 393 4227 Italiam
415 4162 579 4229 Annibale.
616 4163 679 4248 III,
703 4163 746 4228 35
769 4168 910 4227 manente
933 4163 1033 4228 aalma
1055 4163 1140 4227 civili
1162 4163 1245 4226 bello.
1284 4162 1346 4244 III,
1371 4165 1486 4246 79110-

261 4271 351 4336 tiente
368 4290 472 4335 rernm
485 4256 584 4352 patre.
622 4269 697 4352 Vp
719 4275 865 4353 repnante
881 4269 974 4334 Iside.
1012 4269 1086 4333 dial.
1105 4270 1143 4333 11
1169 4271 1338 4352 imperante
1356 4269 1486 4336 Nerone.

420 4439 463 4495 IL
486 4439 590 4509 Apud
611 4437 797 4494 vellelum:

350 4553 396 4633 II,
424 4555 467 4619 66
498 4554 620 4634 fnrente
646 4555 753 4618 deinde
779 4553 919 4619 Antmlo
950 4555 1101 4636 simnlpne
1128 4553 1243 4635 Lepido
1275 4555 1487 4618 instauratum

261 4659 388 4728 Sullani
410 4661 541 4743 exempli
563 4661 681 4726 malnm
699 4661 891 4742 proscriptio.
